<?xml version="1.0" encoding="UTF-8"?>
<!DOCTYPE html PUBLIC "-//W3C//DTD XHTML 1.0 Transitional//EN"
    "http://www.w3.org/TR/xhtml1/DTD/xhtml1-transitional.dtd">
<html xmlns="http://www.w3.org/1999/xhtml" xml:lang="en" lang="en">
 <head>
  <title>
</title>
<meta http-equiv="Content-Type" content="text/html;charset=utf-8" />
  <meta name='ocr-system' content='tesseract 3.04.00' />
  <meta name='ocr-capabilities' content='ocr_page ocr_carea ocr_par ocr_line ocrx_word'/>
</head>
<body>
  <div class='ocr_page' id='page_1' title='image "./desallustiilibr00waecgoog_0033.png"; bbox 0 0 2854 4706; ppageno 0'>
   <div class='ocr_carea' id='block_1_1' title="bbox 678 195 891 298">
    <p class='ocr_par' dir='ltr' id='par_1_1' title="bbox 678 195 891 298">
     <span class='ocr_line' id='line_1_1' title="bbox 678 195 891 298; baseline 0.009 -2"><span class='ocrx_word' id='word_1_1' title='bbox 678 195 891 298; x_wconf 55' lang='lat' dir='ltr'>„El-</span> 
     </span>
    </p>
   </div>
   <div class='ocr_carea' id='block_1_2' title="bbox 251 409 1317 493">
    <p class='ocr_par' dir='ltr' id='par_1_2' title="bbox 251 409 1317 493">
     <span class='ocr_line' id='line_1_2' title="bbox 251 409 1317 493; baseline 0.004 -21"><span class='ocrx_word' id='word_1_2' title='bbox 251 409 306 492; x_wconf 94' lang='lat' dir='ltr'>qui</span> <span class='ocrx_word' id='word_1_3' title='bbox 329 409 456 475; x_wconf 79' lang='lat' dir='ltr'>abnuat.</span> <span class='ocrx_word' id='word_1_4' title='bbox 504 409 572 490; x_wconf 81' lang='lat' dir='ltr'>Quo</span> <span class='ocrx_word' id='word_1_5' title='bbox 595 410 629 474; x_wconf 91' lang='lat' dir='ltr'>iu</span> <span class='ocrx_word' id='word_1_6' title='bbox 652 429 781 477; x_wconf 90' lang='lat' dir='ltr'>numero</span> <span class='ocrx_word' id='word_1_7' title='bbox 801 412 850 476; x_wconf 85' lang='lat' dir='ltr'>cst</span> <span class='ocrx_word' id='word_1_8' title='bbox 873 410 891 493; x_wconf 58' lang='grc' dir='ltr'>ὅ</span> <span class='ocrx_word' id='word_1_9' title='bbox 913 411 949 474; x_wconf 88' lang='grc'>10</span> <span class='ocrx_word' id='word_1_10' title='bbox 974 409 1093 493; x_wconf 91' lang='lat' dir='ltr'>,Neque</span> <span class='ocrx_word' id='word_1_11' title='bbox 1116 429 1178 490; x_wconf 82' lang='lat' dir='ltr'>eoa,</span> <span class='ocrx_word' id='word_1_12' title='bbox 1202 409 1257 493; x_wconf 92' lang='lat' dir='ltr'>qui</span> <span class='ocrx_word' id='word_1_13' title='bbox 1280 429 1317 476; x_wconf 89' lang='lat' dir='ltr'>ee</span> 
     </span>
    </p>
   </div>
   <div class='ocr_carea' id='block_1_3' title="bbox 250 534 1411 617">
    <p class='ocr_par' dir='ltr' id='par_1_3' title="bbox 250 534 1411 617">
     <span class='ocr_line' id='line_1_3' title="bbox 250 534 1411 617; baseline 0.002 -19"><span class='ocrx_word' id='word_1_14' title='bbox 250 534 367 614; x_wconf 84' lang='lat' dir='ltr'>secere,</span> <span class='ocrx_word' id='word_1_15' title='bbox 399 534 496 616; x_wconf 88' lang='lat' dir='ltr'>pudet</span> <span class='ocrx_word' id='word_1_16' title='bbox 519 537 575 599; x_wconf 90' lang='lat' dir='ltr'>aut</span> <span class='ocrx_word' id='word_1_17' title='bbox 597 535 755 617; x_wconf 87' lang='lat' dir='ltr'>poenitet,</span> <span class='ocrx_word' id='word_1_18' title='bbox 788 535 842 601; x_wconf 92' lang='lat' dir='ltr'>sed</span> <span class='ocrx_word' id='word_1_19' title='bbox 871 535 1021 602; x_wconf 87' lang='lat' dir='ltr'>incedunt</span> <span class='ocrx_word' id='word_1_20' title='bbox 1052 555 1107 617; x_wconf 89' lang='lat' dir='ltr'>per</span> <span class='ocrx_word' id='word_1_21' title='bbox 1131 553 1185 600; x_wconf 90' lang='lat' dir='ltr'>ora</span> <span class='ocrx_word' id='word_1_22' title='bbox 1209 537 1316 600; x_wconf 86' lang='lat' dir='ltr'>vostra</span> <span class='ocrx_word' id='word_1_23' title='bbox 1410 585 1411 590; x_wconf 18' lang='grc' dir='ltr'>η</span> 
     </span>
    </p>
   </div>
   <div class='ocr_carea' id='block_1_4' title="bbox 240 659 1412 4241">
    <p class='ocr_par' dir='ltr' id='par_1_4' title="bbox 241 659 1412 3491">
     <span class='ocr_line' id='line_1_4' title="bbox 250 659 1317 745; baseline 0.002 -21"><span class='ocrx_word' id='word_1_24' title='bbox 250 659 428 745; x_wconf 85' lang='lat' dir='ltr'>magnifici,</span> <span class='ocrx_word' id='word_1_25' title='bbox 453 660 628 726; x_wconf 85' lang='lat' dir='ltr'>sacerdotia</span> <span class='ocrx_word' id='word_1_26' title='bbox 660 664 692 726; x_wconf 85' lang='lat' dir='ltr'>et</span> <span class='ocrx_word' id='word_1_27' title='bbox 722 661 917 735; x_wconf 88' lang='lat' dir='ltr'>consulatus,</span> <span class='ocrx_word' id='word_1_28' title='bbox 952 679 1024 743; x_wconf 90' lang='lat' dir='ltr'>pars</span> <span class='ocrx_word' id='word_1_29' title='bbox 1047 660 1222 742; x_wconf 90' lang='lat' dir='ltr'>triumphos</span> <span class='ocrx_word' id='word_1_30' title='bbox 1246 680 1317 726; x_wconf 90' lang='lat' dir='ltr'>suos</span> 
     </span>
     <span class='ocr_line' id='line_1_5' title="bbox 251 785 1316 870; baseline -0.003 -19"><span class='ocrx_word' id='word_1_31' title='bbox 251 787 455 866; x_wconf 88' lang='lat' dir='ltr'>ostentantes,</span> <span class='ocrx_word' id='word_1_32' title='bbox 478 787 607 870; x_wconf 81' lang='lat' dir='ltr'>proinde</span> <span class='ocrx_word' id='word_1_33' title='bbox 622 786 711 870; x_wconf 82' lang='lat' dir='ltr'><strong>quasi</strong></span> <span class='ocrx_word' id='word_1_34' title='bbox 727 805 763 851; x_wconf 93' lang='lat' dir='ltr'>ea</span> <span class='ocrx_word' id='word_1_35' title='bbox 785 785 905 862; x_wconf 86' lang='lat' dir='ltr'>honori,</span> <span class='ocrx_word' id='word_1_36' title='bbox 932 804 992 850; x_wconf 92' lang='lat' dir='ltr'>non</span> <span class='ocrx_word' id='word_1_37' title='bbox 1009 785 1142 868; x_wconf 84' lang='lat' dir='ltr'>praedae</span> <span class='ocrx_word' id='word_1_38' title='bbox 1157 785 1316 865; x_wconf 87' lang='lat' dir='ltr'>babeant’,</span> 
     </span>
     <span class='ocr_line' id='line_1_6' title="bbox 249 909 1316 990; baseline -0.002 -14"><span class='ocrx_word' id='word_1_39' title='bbox 249 911 304 976; x_wconf 91' lang='lat' dir='ltr'>ubi</span> <span class='ocrx_word' id='word_1_40' title='bbox 334 913 442 977; x_wconf 87' lang='lat' dir='ltr'>eontra</span> <span class='ocrx_word' id='word_1_41' title='bbox 474 931 670 978; x_wconf 89' lang='lat' dir='ltr'>communem</span> <span class='ocrx_word' id='word_1_42' title='bbox 701 915 875 978; x_wconf 90' lang='lat' dir='ltr'>ceterorum</span> <span class='ocrx_word' id='word_1_43' title='bbox 899 910 1052 976; x_wconf 88' lang='lat' dir='ltr'>librorum</span> <span class='ocrx_word' id='word_1_44' title='bbox 1083 909 1221 990; x_wconf 88' lang='lat' dir='ltr'>,bonori,</span> <span class='ocrx_word' id='word_1_45' title='bbox 1255 929 1316 974; x_wconf 91' lang='lat' dir='ltr'>non</span> 
     </span>
     <span class='ocr_line' id='line_1_7' title="bbox 249 1035 1317 1120; baseline -0.001 -19"><span class='ocrx_word' id='word_1_46' title='bbox 249 1035 384 1120; x_wconf 80' lang='lat' dir='ltr'>praedae</span> <span class='ocrx_word' id='word_1_47' title='bbox 407 1036 555 1102; x_wconf 85' lang='lat' dir='ltr'>babeant&#39;</span> <span class='ocrx_word' id='word_1_48' title='bbox 584 1037 769 1102; x_wconf 84' lang='lat' dir='ltr'>memoriam</span> <span class='ocrx_word' id='word_1_49' title='bbox 801 1036 833 1100; x_wconf 87' lang='lat' dir='ltr'>in</span> <span class='ocrx_word' id='word_1_50' title='bbox 858 1037 904 1102; x_wconf 85' lang='lat' dir='ltr'>llo</span> <span class='ocrx_word' id='word_1_51' title='bbox 928 1035 993 1100; x_wconf 94' lang='lat' dir='ltr'>solo</span> <span class='ocrx_word' id='word_1_52' title='bbox 1028 1035 1179 1118; x_wconf 91' lang='lat' dir='ltr'>scriptum</span> <span class='ocrx_word' id='word_1_53' title='bbox 1214 1037 1317 1100; x_wconf 89' lang='lat' dir='ltr'>exstat</span> 
     </span>
     <span class='ocr_line' id='line_1_8' title="bbox 250 1152 1412 1245; baseline 0.002 -19"><span class='ocrx_word' id='word_1_54' title='bbox 250 1163 402 1242; x_wconf 70' lang='lat' dir='ltr'>,bonores</span> <span class='ocrx_word' id='word_1_55' title='bbox 440 1180 502 1226; x_wconf 92' lang='lat' dir='ltr'>non</span> <span class='ocrx_word' id='word_1_56' title='bbox 534 1163 686 1245; x_wconf 89' lang='lat' dir='ltr'>praedas&#39;.</span> <span class='ocrx_word' id='word_1_57' title='bbox 749 1162 940 1242; x_wconf 88' lang='lat' dir='ltr'>Dietscbius,</span> <span class='ocrx_word' id='word_1_58' title='bbox 979 1161 1016 1225; x_wconf 87' lang='lat' dir='ltr'>ut</span> <span class='ocrx_word' id='word_1_59' title='bbox 1054 1160 1134 1225; x_wconf 92' lang='lat' dir='ltr'>bano</span> <span class='ocrx_word' id='word_1_60' title='bbox 1163 1159 1316 1225; x_wconf 89' lang='lat' dir='ltr'>librorum</span> <span class='ocrx_word' id='word_1_61' title='bbox 1411 1152 1412 1228; x_wconf 69' lang='lat' dir='ltr'>i</span> 
     </span>
     <span class='ocr_line' id='line_1_9' title="bbox 249 1285 1315 1372; baseline -0.001 -20"><span class='ocrx_word' id='word_1_62' title='bbox 249 1288 491 1372; x_wconf 73' lang='lat' dir='ltr'>discrepantiam</span> <span class='ocrx_word' id='word_1_63' title='bbox 540 1289 629 1372; x_wconf 89' lang='lat' dir='ltr'>quasi</span> <span class='ocrx_word' id='word_1_64' title='bbox 676 1288 861 1371; x_wconf 77' lang='lat' dir='ltr'>exaequaret</span> <span class='ocrx_word' id='word_1_65' title='bbox 911 1305 988 1351; x_wconf 91' lang='lat' dir='ltr'>neve</span> <span class='ocrx_word' id='word_1_66' title='bbox 1033 1286 1167 1350; x_wconf 85' lang='lat' dir='ltr'>alierum</span> <span class='ocrx_word' id='word_1_67' title='bbox 1214 1285 1315 1351; x_wconf 90' lang='lat' dir='ltr'>altero</span> 
     </span>
     <span class='ocr_line' id='line_1_10' title="bbox 247 1411 1316 1495; baseline 0.001 -20"><span class='ocrx_word' id='word_1_68' title='bbox 247 1412 508 1495; x_wconf 87' lang='lat' dir='ltr'>praestantiorem</span> <span class='ocrx_word' id='word_1_69' title='bbox 532 1431 599 1478; x_wconf 91' lang='lat' dir='ltr'>esse</span> <span class='ocrx_word' id='word_1_70' title='bbox 623 1415 772 1491; x_wconf 87' lang='lat' dir='ltr'>censeret,</span> <span class='ocrx_word' id='word_1_71' title='bbox 808 1413 840 1477; x_wconf 89' lang='lat' dir='ltr'>in</span> <span class='ocrx_word' id='word_1_72' title='bbox 864 1411 1000 1477; x_wconf 87' lang='lat' dir='ltr'>editione</span> <span class='ocrx_word' id='word_1_73' title='bbox 1024 1430 1052 1478; x_wconf 88' lang='lat' dir='ltr'>a.</span> <span class='ocrx_word' id='word_1_74' title='bbox 1079 1411 1164 1476; x_wconf 78' lang='lat'>1859</span> <span class='ocrx_word' id='word_1_75' title='bbox 1190 1412 1316 1494; x_wconf 84' lang='lat' dir='ltr'>scripsit</span> 
     </span>
     <span class='ocr_line' id='line_1_11' title="bbox 249 1535 1316 1620; baseline -0.002 -18"><span class='ocrx_word' id='word_1_76' title='bbox 249 1537 379 1619; x_wconf 89' lang='lat' dir='ltr'>,bonori,</span> <span class='ocrx_word' id='word_1_77' title='bbox 403 1555 464 1602; x_wconf 91' lang='lat' dir='ltr'>non</span> <span class='ocrx_word' id='word_1_78' title='bbox 487 1537 618 1620; x_wconf 87' lang='lat' dir='ltr'>praedas</span> <span class='ocrx_word' id='word_1_79' title='bbox 642 1537 800 1602; x_wconf 85' lang='lat' dir='ltr'>habeant&#39;.</span> <span class='ocrx_word' id='word_1_80' title='bbox 856 1536 946 1617; x_wconf 77' lang='lat' dir='ltr'>Quod</span> <span class='ocrx_word' id='word_1_81' title='bbox 970 1556 1007 1601; x_wconf 93' lang='lat' dir='ltr'>ne</span> <span class='ocrx_word' id='word_1_82' title='bbox 1031 1535 1221 1602; x_wconf 87' lang='lat' dir='ltr'>Weinboldo</span> <span class='ocrx_word' id='word_1_83' title='bbox 1246 1536 1316 1620; x_wconf 89' lang='lat' dir='ltr'>qui-</span> 
     </span>
     <span class='ocr_line' id='line_1_12' title="bbox 248 1659 1315 1745; baseline 0.001 -21"><span class='ocrx_word' id='word_1_84' title='bbox 248 1659 319 1726; x_wconf 89' lang='lat' dir='ltr'>dem</span> <span class='ocrx_word' id='word_1_85' title='bbox 335 1659 466 1743; x_wconf 85' lang='lat' dir='ltr'>placuit,</span> <span class='ocrx_word' id='word_1_86' title='bbox 492 1660 545 1743; x_wconf 91' lang='lat' dir='ltr'>qui</span> <span class='ocrx_word' id='word_1_87' title='bbox 568 1660 637 1726; x_wconf 90' lang='lat' dir='ltr'>fieri</span> <span class='ocrx_word' id='word_1_88' title='bbox 660 1679 748 1742; x_wconf 90' lang='lat' dir='ltr'>posse</span> <span class='ocrx_word' id='word_1_89' title='bbox 765 1660 903 1745; x_wconf 82' lang='lat' dir='ltr'>negavit,</span> <span class='ocrx_word' id='word_1_90' title='bbox 929 1660 1012 1724; x_wconf 91' lang='lat' dir='ltr'>utin</span> <span class='ocrx_word' id='word_1_91' title='bbox 1031 1659 1134 1744; x_wconf 91' lang='lat' dir='ltr'>priore</span> <span class='ocrx_word' id='word_1_92' title='bbox 1158 1661 1315 1726; x_wconf 87' lang='lat' dir='ltr'>enuntiati</span> 
     </span>
     <span class='ocr_line' id='line_1_13' title="bbox 247 1785 1315 1868; baseline 0 -19"><span class='ocrx_word' id='word_1_93' title='bbox 247 1786 336 1868; x_wconf 88' lang='lat' dir='ltr'>parte</span> <span class='ocrx_word' id='word_1_94' title='bbox 365 1785 498 1867; x_wconf 89' lang='lat' dir='ltr'>primam</span> <span class='ocrx_word' id='word_1_95' title='bbox 531 1785 673 1851; x_wconf 90' lang='lat' dir='ltr'>codicum</span> <span class='ocrx_word' id='word_1_96' title='bbox 702 1785 874 1862; x_wconf 88' lang='lat' dir='ltr'>familiam,</span> <span class='ocrx_word' id='word_1_97' title='bbox 912 1785 945 1849; x_wconf 91' lang='lat' dir='ltr'>in</span> <span class='ocrx_word' id='word_1_98' title='bbox 977 1785 1147 1867; x_wconf 88' lang='lat' dir='ltr'>posteriore</span> <span class='ocrx_word' id='word_1_99' title='bbox 1175 1785 1251 1849; x_wconf 91' lang='lat' dir='ltr'>libri</span> <span class='ocrx_word' id='word_1_100' title='bbox 1276 1785 1315 1849; x_wconf 93' lang='lat' dir='ltr'>Vi</span> 
     </span>
     <span class='ocr_line' id='line_1_14' title="bbox 248 1897 1315 1992; baseline 0 -18"><span class='ocrx_word' id='word_1_101' title='bbox 248 1908 471 1974; x_wconf 80' lang='lat' dir='ltr'>auctoritatem</span> <span class='ocrx_word' id='word_1_102' title='bbox 487 1929 693 1992; x_wconf 88' lang='lat' dir='ltr'>sequeremur.</span> <span class='ocrx_word' id='word_1_103' title='bbox 735 1909 896 1991; x_wconf 79' lang='lat' dir='ltr'>Quocirca,</span> <span class='ocrx_word' id='word_1_104' title='bbox 919 1928 1013 1992; x_wconf 90' lang='lat' dir='ltr'>quum</span> <span class='ocrx_word' id='word_1_105' title='bbox 1032 1897 1220 1992; x_wconf 84' lang='lat' dir='ltr'>scripturam</span> <span class='ocrx_word' id='word_1_106' title='bbox 1239 1911 1315 1974; x_wconf 93' lang='lat' dir='ltr'>libri</span> 
     </span>
     <span class='ocr_line' id='line_1_15' title="bbox 248 2032 1316 2120; baseline 0.004 -24"><span class='ocrx_word' id='word_1_107' title='bbox 248 2032 285 2097; x_wconf 93' lang='lat' dir='ltr'>Vi</span> <span class='ocrx_word' id='word_1_108' title='bbox 301 2033 481 2116; x_wconf 87' lang='lat' dir='ltr'>praeferret,</span> <span class='ocrx_word' id='word_1_109' title='bbox 506 2053 566 2117; x_wconf 90' lang='lat' dir='ltr'>qua</span> <span class='ocrx_word' id='word_1_110' title='bbox 583 2034 778 2100; x_wconf 83' lang='lat' dir='ltr'>concinnitas</span> <span class='ocrx_word' id='word_1_111' title='bbox 798 2054 950 2118; x_wconf 90' lang='lat' dir='ltr'>nusquam</span> <span class='ocrx_word' id='word_1_112' title='bbox 970 2054 988 2100; x_wconf 88' lang='lat' dir='ltr'>a</span> <span class='ocrx_word' id='word_1_113' title='bbox 1003 2033 1153 2099; x_wconf 87' lang='lat' dir='ltr'>Sallustio</span> <span class='ocrx_word' id='word_1_114' title='bbox 1170 2035 1316 2120; x_wconf 85' lang='lat' dir='ltr'>neglecta</span> 
     </span>
     <span class='ocr_line' id='line_1_16' title="bbox 244 2158 1314 2242; baseline 0.002 -18"><span class='ocrx_word' id='word_1_115' title='bbox 244 2158 430 2240; x_wconf 88' lang='lat' dir='ltr'>efficeretur,</span> <span class='ocrx_word' id='word_1_116' title='bbox 456 2159 560 2224; x_wconf 91' lang='lat' dir='ltr'>locum</span> <span class='ocrx_word' id='word_1_117' title='bbox 584 2159 630 2224; x_wconf 91' lang='lat' dir='ltr'>sio</span> <span class='ocrx_word' id='word_1_118' title='bbox 655 2160 842 2242; x_wconf 82' lang='lat' dir='ltr'>explicavit:</span> <span class='ocrx_word' id='word_1_119' title='bbox 867 2159 1019 2240; x_wconf 88' lang='lat' dir='ltr'>,incedere</span> <span class='ocrx_word' id='word_1_120' title='bbox 1044 2161 1165 2227; x_wconf 90' lang='lat' dir='ltr'>nobiles</span> <span class='ocrx_word' id='word_1_121' title='bbox 1188 2178 1242 2242; x_wconf 91' lang='lat' dir='ltr'>per</span> <span class='ocrx_word' id='word_1_122' title='bbox 1260 2179 1314 2226; x_wconf 91' lang='lat' dir='ltr'>ora</span> 
     </span>
     <span class='ocr_line' id='line_1_17' title="bbox 243 2282 1314 2368; baseline 0.004 -22"><span class='ocrx_word' id='word_1_123' title='bbox 243 2282 350 2364; x_wconf 92' lang='lat' dir='ltr'>populi</span> <span class='ocrx_word' id='word_1_124' title='bbox 395 2282 596 2367; x_wconf 82' lang='lat' dir='ltr'>magnificos,</span> <span class='ocrx_word' id='word_1_125' title='bbox 645 2283 821 2349; x_wconf 91' lang='lat' dir='ltr'>sacerdotia</span> <span class='ocrx_word' id='word_1_126' title='bbox 866 2287 898 2350; x_wconf 87' lang='lat' dir='ltr'>et</span> <span class='ocrx_word' id='word_1_127' title='bbox 944 2284 1143 2366; x_wconf 91' lang='lat' dir='ltr'>consulatus,</span> <span class='ocrx_word' id='word_1_128' title='bbox 1190 2287 1314 2368; x_wconf 90' lang='lat' dir='ltr'>partem</span> 
     </span>
     <span class='ocr_line' id='line_1_18' title="bbox 243 2405 1311 2494; baseline 0.004 -24"><span class='ocrx_word' id='word_1_129' title='bbox 243 2405 421 2489; x_wconf 89' lang='lat' dir='ltr'>triumphos</span> <span class='ocrx_word' id='word_1_130' title='bbox 445 2425 516 2472; x_wconf 93' lang='lat' dir='ltr'>suos</span> <span class='ocrx_word' id='word_1_131' title='bbox 540 2408 747 2488; x_wconf 82' lang='lat' dir='ltr'>ostentantes,</span> <span class='ocrx_word' id='word_1_132' title='bbox 778 2408 906 2490; x_wconf 87' lang='lat' dir='ltr'>proinde</span> <span class='ocrx_word' id='word_1_133' title='bbox 935 2409 1024 2492; x_wconf 89' lang='lat' dir='ltr'>quasi</span> <span class='ocrx_word' id='word_1_134' title='bbox 1048 2429 1084 2475; x_wconf 87' lang='lat' dir='ltr'>ea</span> <span class='ocrx_word' id='word_1_135' title='bbox 1107 2410 1214 2494; x_wconf 89' lang='lat' dir='ltr'>adepti</span> <span class='ocrx_word' id='word_1_136' title='bbox 1238 2411 1311 2486; x_wconf 91' lang='lat' dir='ltr'>siut,</span> 
     </span>
     <span class='ocr_line' id='line_1_19' title="bbox 244 2530 1311 2616; baseline 0.006 -22"><span class='ocrx_word' id='word_1_137' title='bbox 244 2530 319 2595; x_wconf 91' lang='lat' dir='ltr'>dum</span> <span class='ocrx_word' id='word_1_138' title='bbox 341 2531 485 2614; x_wconf 90' lang='lat' dir='ltr'>populus,</span> <span class='ocrx_word' id='word_1_139' title='bbox 509 2533 545 2596; x_wconf 90' lang='lat' dir='ltr'>ut</span> <span class='ocrx_word' id='word_1_140' title='bbox 569 2551 621 2596; x_wconf 90' lang='lat' dir='ltr'>eos</span> <span class='ocrx_word' id='word_1_141' title='bbox 645 2533 813 2598; x_wconf 90' lang='lat' dir='ltr'>honoraret</span> <span class='ocrx_word' id='word_1_142' title='bbox 842 2535 935 2616; x_wconf 87' lang='lat' dir='ltr'>atque</span> <span class='ocrx_word' id='word_1_143' title='bbox 951 2553 1006 2616; x_wconf 90' lang='lat' dir='ltr'>pro</span> <span class='ocrx_word' id='word_1_144' title='bbox 1030 2533 1152 2599; x_wconf 89' lang='lat' dir='ltr'>meritis</span> <span class='ocrx_word' id='word_1_145' title='bbox 1175 2536 1311 2616; x_wconf 90' lang='lat' dir='ltr'>ornaret,</span> 
     </span>
     <span class='ocr_line' id='line_1_20' title="bbox 242 2654 1312 2740; baseline 0.007 -22"><span class='ocrx_word' id='word_1_146' title='bbox 242 2654 374 2738; x_wconf 88' lang='lat' dir='ltr'>imperia</span> <span class='ocrx_word' id='word_1_147' title='bbox 398 2656 442 2720; x_wconf 86' lang='lat' dir='ltr'>eis</span> <span class='ocrx_word' id='word_1_148' title='bbox 465 2657 692 2736; x_wconf 81' lang='lat' dir='ltr'>mandavisset,</span> <span class='ocrx_word' id='word_1_149' title='bbox 725 2676 786 2722; x_wconf 91' lang='lat' dir='ltr'>uon</span> <span class='ocrx_word' id='word_1_150' title='bbox 817 2657 877 2740; x_wconf 89' lang='lat' dir='ltr'>ipsi</span> <span class='ocrx_word' id='word_1_151' title='bbox 907 2677 961 2740; x_wconf 91' lang='lat' dir='ltr'>per</span> <span class='ocrx_word' id='word_1_152' title='bbox 993 2658 1039 2723; x_wconf 84' lang='lat' dir='ltr'>las</span> <span class='ocrx_word' id='word_1_153' title='bbox 1063 2677 1101 2724; x_wconf 89' lang='lat' dir='ltr'>ae</span> <span class='ocrx_word' id='word_1_154' title='bbox 1123 2660 1210 2724; x_wconf 84' lang='lat' dir='ltr'>nefas</span> <span class='ocrx_word' id='word_1_155' title='bbox 1234 2659 1312 2726; x_wconf 89' lang='lat' dir='ltr'>haee</span> 
     </span>
     <span class='ocr_line' id='line_1_21' title="bbox 243 2780 1312 2864; baseline 0.005 -19"><span class='ocrx_word' id='word_1_156' title='bbox 243 2780 348 2846; x_wconf 90' lang='lat' dir='ltr'>omnia</span> <span class='ocrx_word' id='word_1_157' title='bbox 372 2780 583 2864; x_wconf 77' lang='lat' dir='ltr'>arripuerint.</span> <span class='ocrx_word' id='word_1_158' title='bbox 636 2781 673 2845; x_wconf 92' lang='lat' dir='ltr'>ln</span> <span class='ocrx_word' id='word_1_159' title='bbox 700 2783 872 2848; x_wconf 90' lang='lat' dir='ltr'>ceterorum</span> <span class='ocrx_word' id='word_1_160' title='bbox 898 2802 971 2848; x_wconf 87' lang='lat' dir='ltr'>vero</span> <span class='ocrx_word' id='word_1_161' title='bbox 1002 2783 1153 2849; x_wconf 89' lang='lat' dir='ltr'>librorum</span> <span class='ocrx_word' id='word_1_162' title='bbox 1177 2783 1312 2850; x_wconf 88' lang='lat' dir='ltr'>lectione</span> 
     </span>
     <span class='ocr_line' id='line_1_22' title="bbox 243 2905 1313 2976; baseline 0.004 -6"><span class='ocrx_word' id='word_1_163' title='bbox 243 2906 324 2971; x_wconf 90' lang='lat' dir='ltr'>nibil</span> <span class='ocrx_word' id='word_1_164' title='bbox 347 2905 435 2971; x_wconf 89' lang='lat' dir='ltr'>alind</span> <span class='ocrx_word' id='word_1_165' title='bbox 457 2907 558 2972; x_wconf 87' lang='lat' dir='ltr'>inesse</span> <span class='ocrx_word' id='word_1_166' title='bbox 582 2906 644 2972; x_wconf 93' lang='lat' dir='ltr'>nisi</span> <span class='ocrx_word' id='word_1_167' title='bbox 668 2907 727 2973; x_wconf 88' lang='lat' dir='ltr'>hoo</span> <span class='ocrx_word' id='word_1_168' title='bbox 751 2908 844 2973; x_wconf 84' lang='lat' dir='ltr'>dixit:</span> <span class='ocrx_word' id='word_1_169' title='bbox 877 2911 1034 2974; x_wconf 89' lang='lat' dir='ltr'>ostentare</span> <span class='ocrx_word' id='word_1_170' title='bbox 1065 2909 1186 2976; x_wconf 89' lang='lat' dir='ltr'>nobiles</span> <span class='ocrx_word' id='word_1_171' title='bbox 1209 2928 1313 2974; x_wconf 88' lang='lat' dir='ltr'>sacer·</span> 
     </span>
     <span class='ocr_line' id='line_1_23' title="bbox 243 3030 1311 3115; baseline 0.004 -20"><span class='ocrx_word' id='word_1_172' title='bbox 243 3030 330 3095; x_wconf 89' lang='lat' dir='ltr'>dotia</span> <span class='ocrx_word' id='word_1_173' title='bbox 354 3030 535 3096; x_wconf 90' lang='lat' dir='ltr'>consulatus</span> <span class='ocrx_word' id='word_1_174' title='bbox 560 3032 747 3114; x_wconf 89' lang='lat' dir='ltr'>triumphos,</span> <span class='ocrx_word' id='word_1_175' title='bbox 777 3033 904 3115; x_wconf 88' lang='lat' dir='ltr'>perinde</span> <span class='ocrx_word' id='word_1_176' title='bbox 929 3033 1015 3098; x_wconf 90' lang='lat' dir='ltr'>acsi</span> <span class='ocrx_word' id='word_1_177' title='bbox 1040 3033 1084 3098; x_wconf 86' lang='lat' dir='ltr'>eis</span> <span class='ocrx_word' id='word_1_178' title='bbox 1108 3035 1249 3115; x_wconf 87' lang='lat' dir='ltr'>utantur,</span> <span class='ocrx_word' id='word_1_179' title='bbox 1275 3037 1311 3100; x_wconf 88' lang='lat' dir='ltr'>ut</span> 
     </span>
     <span class='ocr_line' id='line_1_24' title="bbox 242 3153 1312 3242; baseline 0.005 -23"><span class='ocrx_word' id='word_1_180' title='bbox 242 3153 314 3220; x_wconf 90' lang='lat' dir='ltr'>inde</span> <span class='ocrx_word' id='word_1_181' title='bbox 338 3155 487 3220; x_wconf 91' lang='lat' dir='ltr'>honorem</span> <span class='ocrx_word' id='word_1_182' title='bbox 511 3157 605 3238; x_wconf 90' lang='lat' dir='ltr'>atque</span> <span class='ocrx_word' id='word_1_183' title='bbox 628 3157 763 3242; x_wconf 83' lang='lat' dir='ltr'>gloriam</span> <span class='ocrx_word' id='word_1_184' title='bbox 787 3158 922 3239; x_wconf 89' lang='lat' dir='ltr'>capiant,</span> <span class='ocrx_word' id='word_1_185' title='bbox 946 3177 1002 3224; x_wconf 91' lang='lat' dir='ltr'>nec</span> <span class='ocrx_word' id='word_1_186' title='bbox 1027 3177 1100 3223; x_wconf 90' lang='lat' dir='ltr'>vero</span> <span class='ocrx_word' id='word_1_187' title='bbox 1124 3159 1254 3242; x_wconf 86' lang='lat' dir='ltr'>imperio</span> <span class='ocrx_word' id='word_1_188' title='bbox 1278 3161 1312 3224; x_wconf 88' lang='lat' dir='ltr'>et</span> 
     </span>
     <span class='ocr_line' id='line_1_25' title="bbox 241 3279 1311 3370; baseline 0.006 -26"><span class='ocrx_word' id='word_1_189' title='bbox 241 3279 484 3364; x_wconf 85' lang='lat' dir='ltr'>magistratibus</span> <span class='ocrx_word' id='word_1_190' title='bbox 500 3281 640 3358; x_wconf 90' lang='lat' dir='ltr'>utantur,</span> <span class='ocrx_word' id='word_1_191' title='bbox 665 3282 778 3364; x_wconf 88' lang='lat' dir='ltr'>quibus</span> <span class='ocrx_word' id='word_1_192' title='bbox 794 3283 948 3347; x_wconf 90' lang='lat' dir='ltr'>aerarium</span> <span class='ocrx_word' id='word_1_193' title='bbox 966 3282 1104 3366; x_wconf 89' lang='lat' dir='ltr'>expilent</span> <span class='ocrx_word' id='word_1_194' title='bbox 1124 3285 1156 3348; x_wconf 89' lang='lat' dir='ltr'>et</span> <span class='ocrx_word' id='word_1_195' title='bbox 1172 3284 1311 3370; x_wconf 85' lang='lat' dir='ltr'>vectigal</span> 
     </span>
     <span class='ocr_line' id='line_1_26' title="bbox 241 3404 822 3491; baseline 0.003 -21"><span class='ocrx_word' id='word_1_196' title='bbox 241 3425 351 3491; x_wconf 84' lang='lat' dir='ltr'>regum</span> <span class='ocrx_word' id='word_1_197' title='bbox 373 3404 622 3488; x_wconf 88' lang='lat' dir='ltr'>populorumque</span> <span class='ocrx_word' id='word_1_198' title='bbox 646 3406 822 3489; x_wconf 87' lang='lat' dir='ltr'>accipiant&#39;.</span> 
     </span>
    </p>

    <p class='ocr_par' dir='ltr' id='par_1_5' title="bbox 240 3529 1311 4241">
     <span class='ocr_line' id='line_1_27' title="bbox 350 3529 1310 3615; baseline 0.006 -21"><span class='ocrx_word' id='word_1_199' title='bbox 350 3531 392 3595; x_wconf 84' lang='lat' dir='ltr'>At</span> <span class='ocrx_word' id='word_1_200' title='bbox 416 3529 628 3596; x_wconf 87' lang='lat' dir='ltr'>concinnitate</span> <span class='ocrx_word' id='word_1_201' title='bbox 651 3551 705 3614; x_wconf 93' lang='lat' dir='ltr'>per</span> <span class='ocrx_word' id='word_1_202' title='bbox 735 3533 900 3615; x_wconf 89' lang='lat' dir='ltr'>utramque</span> <span class='ocrx_word' id='word_1_203' title='bbox 932 3531 1101 3598; x_wconf 86' lang='lat' dir='ltr'>lectionem</span> <span class='ocrx_word' id='word_1_204' title='bbox 1129 3535 1254 3600; x_wconf 84' lang='lat' dir='ltr'>servata</span> <span class='ocrx_word' id='word_1_205' title='bbox 1277 3534 1310 3600; x_wconf 91' lang='lat' dir='ltr'>id</span> 
     </span>
     <span class='ocr_line' id='line_1_28' title="bbox 241 3653 1310 3741; baseline 0.006 -23"><span class='ocrx_word' id='word_1_206' title='bbox 241 3653 375 3739; x_wconf 90' lang='lat' dir='ltr'>primum</span> <span class='ocrx_word' id='word_1_207' title='bbox 400 3654 485 3720; x_wconf 90' lang='lat' dir='ltr'>baud</span> <span class='ocrx_word' id='word_1_208' title='bbox 509 3656 587 3721; x_wconf 88' lang='lat' dir='ltr'>levis</span> <span class='ocrx_word' id='word_1_209' title='bbox 611 3656 762 3721; x_wconf 86' lang='lat' dir='ltr'>momenti</span> <span class='ocrx_word' id='word_1_210' title='bbox 787 3658 848 3736; x_wconf 90' lang='lat' dir='ltr'>est,</span> <span class='ocrx_word' id='word_1_211' title='bbox 883 3658 981 3741; x_wconf 89' lang='lat' dir='ltr'>quod,</span> <span class='ocrx_word' id='word_1_212' title='bbox 1015 3677 1111 3741; x_wconf 91' lang='lat' dir='ltr'>quum</span> <span class='ocrx_word' id='word_1_213' title='bbox 1134 3658 1310 3724; x_wconf 88' lang='lat' dir='ltr'>sacerdotia</span> 
     </span>
     <span class='ocr_line' id='line_1_29' title="bbox 242 3780 1310 3863; baseline 0.005 -18"><span class='ocrx_word' id='word_1_214' title='bbox 242 3781 274 3845; x_wconf 93' lang='lat' dir='ltr'>et</span> <span class='ocrx_word' id='word_1_215' title='bbox 298 3780 480 3845; x_wconf 89' lang='lat' dir='ltr'>consulatus</span> <span class='ocrx_word' id='word_1_216' title='bbox 502 3800 536 3846; x_wconf 91' lang='lat' dir='ltr'>re</span> <span class='ocrx_word' id='word_1_217' title='bbox 560 3800 634 3846; x_wconf 89' lang='lat' dir='ltr'>vera</span> <span class='ocrx_word' id='word_1_218' title='bbox 659 3781 722 3846; x_wconf 90' lang='lat' dir='ltr'>sint</span> <span class='ocrx_word' id='word_1_219' title='bbox 738 3781 881 3863; x_wconf 88' lang='lat' dir='ltr'>bonores,</span> <span class='ocrx_word' id='word_1_220' title='bbox 906 3781 1076 3848; x_wconf 88' lang='lat' dir='ltr'>Sallustius</span> <span class='ocrx_word' id='word_1_221' title='bbox 1100 3783 1202 3848; x_wconf 89' lang='lat' dir='ltr'>dicere</span> <span class='ocrx_word' id='word_1_222' title='bbox 1226 3785 1310 3850; x_wconf 86' lang='lat' dir='ltr'>certe</span> 
     </span>
     <span class='ocr_line' id='line_1_30' title="bbox 241 3904 1311 3991; baseline 0.003 -21"><span class='ocrx_word' id='word_1_223' title='bbox 241 3923 302 3970; x_wconf 92' lang='lat' dir='ltr'>non</span> <span class='ocrx_word' id='word_1_224' title='bbox 325 3904 359 3969; x_wconf 92' lang='lat' dir='ltr'>in</span> <span class='ocrx_word' id='word_1_225' title='bbox 382 3907 486 3970; x_wconf 89' lang='lat' dir='ltr'>animo</span> <span class='ocrx_word' id='word_1_226' title='bbox 510 3905 656 3986; x_wconf 90' lang='lat' dir='ltr'>babebat,</span> <span class='ocrx_word' id='word_1_227' title='bbox 681 3906 823 3972; x_wconf 92' lang='lat' dir='ltr'>homines</span> <span class='ocrx_word' id='word_1_228' title='bbox 847 3925 899 3972; x_wconf 90' lang='lat' dir='ltr'>eos</span> <span class='ocrx_word' id='word_1_229' title='bbox 922 3908 1035 3973; x_wconf 90' lang='lat' dir='ltr'>babere</span> <span class='ocrx_word' id='word_1_230' title='bbox 1053 3908 1186 3973; x_wconf 89' lang='lat' dir='ltr'>bonores</span> <span class='ocrx_word' id='word_1_231' title='bbox 1210 3908 1311 3991; x_wconf 89' lang='lat' dir='ltr'>,quasi</span> 
     </span>
     <span class='ocr_line' id='line_1_31' title="bbox 240 4029 1310 4115; baseline 0.003 -22"><span class='ocrx_word' id='word_1_232' title='bbox 240 4029 391 4111; x_wconf 89' lang='lat' dir='ltr'>honores,</span> <span class='ocrx_word' id='word_1_233' title='bbox 433 4049 501 4096; x_wconf 63' lang='lat' dir='ltr'>vnon</span> <span class='ocrx_word' id='word_1_234' title='bbox 534 4031 687 4113; x_wconf 86' lang='lat' dir='ltr'>praedas&#39;,</span> <span class='ocrx_word' id='word_1_235' title='bbox 734 4032 789 4098; x_wconf 92' lang='lat' dir='ltr'>sed</span> <span class='ocrx_word' id='word_1_236' title='bbox 830 4033 938 4115; x_wconf 87' lang='lat' dir='ltr'>paucis</span> <span class='ocrx_word' id='word_1_237' title='bbox 977 4031 1080 4098; x_wconf 90' lang='lat' dir='ltr'>verbis</span> <span class='ocrx_word' id='word_1_238' title='bbox 1126 4031 1310 4114; x_wconf 88' lang='lat' dir='ltr'>ampliorem</span> 
     </span>
     <span class='ocr_line' id='line_1_32' title="bbox 241 4156 1311 4241; baseline 0 -19"><span class='ocrx_word' id='word_1_239' title='bbox 241 4156 426 4238; x_wconf 86' lang='lat' dir='ltr'>expressisse</span> <span class='ocrx_word' id='word_1_240' title='bbox 451 4156 575 4224; x_wconf 83' lang='lat' dir='ltr'>videtur</span> <span class='ocrx_word' id='word_1_241' title='bbox 599 4156 680 4222; x_wconf 89' lang='lat' dir='ltr'>benc</span> <span class='ocrx_word' id='word_1_242' title='bbox 712 4157 961 4224; x_wconf 88' lang='lat' dir='ltr'>enuntiationem</span> <span class='ocrx_word' id='word_1_243' title='bbox 992 4157 1132 4241; x_wconf 89' lang='lat' dir='ltr'>,proinde</span> <span class='ocrx_word' id='word_1_244' title='bbox 1160 4157 1250 4241; x_wconf 88' lang='lat' dir='ltr'>quasi</span> <span class='ocrx_word' id='word_1_245' title='bbox 1274 4176 1311 4224; x_wconf 85' lang='lat' dir='ltr'>ea</span> 
     </span>
    </p>
   </div>
   <div class='ocr_carea' id='block_1_5' title="bbox 0 0 1432 4706">
    <p class='ocr_par' dir='ltr' id='par_1_6' title="bbox 0 0 1432 4706">
     <span class='ocr_line' id='line_1_33' title="bbox 0 0 1432 4706; baseline 0 2"><span class='ocrx_word' id='word_1_246' title='bbox 0 0 1432 4706; x_wconf 95' lang='lat' dir='ltr'> </span> 
     </span>
    </p>
   </div>
  </div>
 </body>
</html>
