<?xml version="1.0" encoding="UTF-8"?>
<!DOCTYPE html PUBLIC "-//W3C//DTD XHTML 1.0 Transitional//EN"
    "http://www.w3.org/TR/xhtml1/DTD/xhtml1-transitional.dtd">
<html xmlns="http://www.w3.org/1999/xhtml" xml:lang="en" lang="en">
 <head>
  <title>
</title>
<meta http-equiv="Content-Type" content="text/html;charset=utf-8" />
  <meta name='ocr-system' content='tesseract 3.04.00' />
  <meta name='ocr-capabilities' content='ocr_page ocr_carea ocr_par ocr_line ocrx_word'/>
</head>
<body>
  <div class='ocr_page' id='page_1' title='image "./desallustiilibr00waecgoog_0040.png"; bbox 0 0 2854 4706; ppageno 0'>
   <div class='ocr_carea' id='block_1_1' title="bbox 625 222 668 284">
    <p class='ocr_par' dir='ltr' id='par_1_1' title="bbox 625 222 668 284">
     <span class='ocr_line' id='line_1_1' title="bbox 625 222 668 284; baseline 0 0"><span class='ocrx_word' id='word_1_1' title='bbox 625 222 668 284; x_wconf 88' lang='lat'>33</span> 
     </span>
    </p>
   </div>
   <div class='ocr_carea' id='block_1_2' title="bbox 541 311 756 322">
    <p class='ocr_par' dir='ltr' id='par_1_2' title="bbox 541 311 756 322">
     <span class='ocr_line' id='line_1_2' title="bbox 541 311 756 322; baseline 0 -2"><span class='ocrx_word' id='word_1_2' title='bbox 541 311 756 322; x_wconf 73' lang='lat'>——.</span> 
     </span>
    </p>
   </div>
   <div class='ocr_carea' id='block_1_3' title="bbox 115 430 1187 896">
    <p class='ocr_par' dir='ltr' id='par_1_3' title="bbox 115 430 1187 896">
     <span class='ocr_line' id='line_1_3' title="bbox 115 430 1187 518; baseline -0.004 -18"><span class='ocrx_word' id='word_1_3' title='bbox 115 455 151 501; x_wconf 87' lang='lat' dir='ltr'>ac</span> <span class='ocrx_word' id='word_1_4' title='bbox 174 436 304 500; x_wconf 88' lang='lat' dir='ltr'>minime</span> <span class='ocrx_word' id='word_1_5' title='bbox 328 435 475 518; x_wconf 87' lang='lat' dir='ltr'>probatos</span> <span class='ocrx_word' id='word_1_6' title='bbox 498 434 596 500; x_wconf 88' lang='lat' dir='ltr'>libros</span> <span class='ocrx_word' id='word_1_7' title='bbox 613 435 713 500; x_wconf 86' lang='lat' dir='ltr'>secuti</span> <span class='ocrx_word' id='word_1_8' title='bbox 738 430 805 514; x_wconf 86' lang='lat' dir='ltr'>,alii</span> <span class='ocrx_word' id='word_1_9' title='bbox 828 431 901 499; x_wconf 85' lang='lat' dir='ltr'>alic&#39;</span> <span class='ocrx_word' id='word_1_10' title='bbox 926 431 1094 517; x_wconf 84' lang='lat' dir='ltr'>legendum</span> <span class='ocrx_word' id='word_1_11' title='bbox 1116 450 1187 497; x_wconf 89' lang='lat' dir='ltr'>esse</span> 
     </span>
     <span class='ocr_line' id='line_1_4' title="bbox 116 556 1184 642; baseline -0.004 -16"><span class='ocrx_word' id='word_1_12' title='bbox 116 561 309 639; x_wconf 70' lang='lat' dir='ltr'><strong>censuerint,</strong></span> <span class='ocrx_word' id='word_1_13' title='bbox 344 560 528 642; x_wconf 84' lang='lat' dir='ltr'>praesertim</span> <span class='ocrx_word' id='word_1_14' title='bbox 561 579 657 642; x_wconf 83' lang='lat' dir='ltr'>quum</span> <span class='ocrx_word' id='word_1_15' title='bbox 690 558 843 624; x_wconf 83' lang='lat' dir='ltr'>similium</span> <span class='ocrx_word' id='word_1_16' title='bbox 873 557 1012 623; x_wconf 87' lang='lat' dir='ltr'>locorum</span> <span class='ocrx_word' id='word_1_17' title='bbox 1035 556 1184 640; x_wconf 82' lang='lat' dir='ltr'>exemplis</span> 
     </span>
     <span class='ocr_line' id='line_1_5' title="bbox 117 680 1185 770; baseline -0.006 -19"><span class='ocrx_word' id='word_1_18' title='bbox 117 686 217 765; x_wconf 80' lang='lat' dir='ltr'>,alius&#39;</span> <span class='ocrx_word' id='word_1_19' title='bbox 243 685 434 770; x_wconf 84' lang='lat' dir='ltr'>singularem</span> <span class='ocrx_word' id='word_1_20' title='bbox 457 705 621 751; x_wconf 90' lang='lat' dir='ltr'>numerum</span> <span class='ocrx_word' id='word_1_21' title='bbox 644 683 774 748; x_wconf 90' lang='lat' dir='ltr'>minime</span> <span class='ocrx_word' id='word_1_22' title='bbox 797 683 867 748; x_wconf 90' lang='lat' dir='ltr'>usui</span> <span class='ocrx_word' id='word_1_23' title='bbox 891 681 1036 748; x_wconf 81' lang='lat' dir='ltr'>Sallustii</span> <span class='ocrx_word' id='word_1_24' title='bbox 1059 680 1185 748; x_wconf 84' lang='lat' dir='ltr'>dicendi</span> 
     </span>
     <span class='ocr_line' id='line_1_6' title="bbox 115 810 514 896; baseline -0.003 -21"><span class='ocrx_word' id='word_1_25' title='bbox 115 831 287 896; x_wconf 84' lang='lat' dir='ltr'>repugnare</span> <span class='ocrx_word' id='word_1_26' title='bbox 312 810 514 876; x_wconf 87' lang='lat' dir='ltr'>confirmetur</span> 
     </span>
    </p>
   </div>
   <div class='ocr_carea' id='block_1_4' title="bbox 116 951 1186 1143">
    <p class='ocr_par' dir='ltr' id='par_1_4' title="bbox 116 951 1186 1143">
     <span class='ocr_line' id='line_1_7' title="bbox 224 951 1186 1036; baseline -0.003 -17"><span class='ocrx_word' id='word_1_27' title='bbox 224 954 319 1034; x_wconf 64' lang='grc'><strong>023</strong></span> <span class='ocrx_word' id='word_1_28' title='bbox 344 973 443 1036; x_wconf 85' lang='lat' dir='ltr'>neque</span> <span class='ocrx_word' id='word_1_29' title='bbox 467 953 552 1019; x_wconf 86' lang='lat' dir='ltr'>aliud</span> <span class='ocrx_word' id='word_1_30' title='bbox 577 954 640 1019; x_wconf 90' lang='grc'><strong>0110</strong></span> <span class='ocrx_word' id='word_1_31' title='bbox 663 953 738 1018; x_wconf 87' lang='lat' dir='ltr'>ferri</span> <span class='ocrx_word' id='word_1_32' title='bbox 760 972 860 1036; x_wconf 85' lang='lat' dir='ltr'>neque</span> <span class='ocrx_word' id='word_1_33' title='bbox 874 953 992 1017; x_wconf 89' lang='lat' dir='ltr'>mutari</span> <span class='ocrx_word' id='word_1_34' title='bbox 1008 971 1044 1017; x_wconf 89' lang='lat' dir='ltr'>ac</span> <span class='ocrx_word' id='word_1_35' title='bbox 1059 951 1186 1017; x_wconf 83' lang='lat' dir='ltr'>misceri</span> 
     </span>
     <span class='ocr_line' id='line_1_8' title="bbox 116 1079 386 1143; baseline 0.004 -1"><span class='ocrx_word' id='word_1_36' title='bbox 116 1079 222 1142; x_wconf 88' lang='lat' dir='ltr'>omnia</span> <span class='ocrx_word' id='word_1_37' title='bbox 245 1097 386 1143; x_wconf 85' lang='lat' dir='ltr'>cerneres</span> 
     </span>
    </p>
   </div>
   <div class='ocr_carea' id='block_1_5' title="bbox 121 1202 1204 1286">
    <p class='ocr_par' dir='ltr' id='par_1_5' title="bbox 121 1202 1204 1286">
     <span class='ocr_line' id='line_1_9' title="bbox 121 1202 1204 1286; baseline 0.003 -19"><span class='ocrx_word' id='word_1_38' title='bbox 121 1233 125 1236; x_wconf 97' lang='lat'>·</span> <span class='ocrx_word' id='word_1_39' title='bbox 223 1203 246 1268; x_wconf 84' lang='lat' dir='ltr'>C</span> <span class='ocrx_word' id='word_1_40' title='bbox 271 1205 322 1281; x_wconf 65' lang='grc'><strong>(15</strong></span> <span class='ocrx_word' id='word_1_41' title='bbox 346 1205 381 1268; x_wconf 93' lang='grc'>01</span> <span class='ocrx_word' id='word_1_42' title='bbox 401 1203 536 1268; x_wconf 86' lang='lat' dir='ltr'>Romani</span> <span class='ocrx_word' id='word_1_43' title='bbox 560 1203 645 1268; x_wconf 91' lang='lat' dir='ltr'>domi</span> <span class='ocrx_word' id='word_1_44' title='bbox 666 1203 863 1286; x_wconf 90' lang='lat' dir='ltr'>militiaeque</span> <span class='ocrx_word' id='word_1_45' title='bbox 886 1203 1002 1269; x_wconf 88' lang='lat' dir='ltr'>intenti</span> <span class='ocrx_word' id='word_1_46' title='bbox 1025 1202 1204 1283; x_wconf 65' lang='lat' dir='ltr'>festinare,</span> 
     </span>
    </p>
   </div>
   <div class='ocr_carea' id='block_1_6' title="bbox 15 1328 608 1408">
    <p class='ocr_par' dir='ltr' id='par_1_6' title="bbox 15 1328 608 1408">
     <span class='ocr_line' id='line_1_10' title="bbox 15 1328 608 1408; baseline 0.005 -18"><span class='ocrx_word' id='word_1_47' title='bbox 15 1343 16 1352; x_wconf 57' lang='lat'>¹</span> <span class='ocrx_word' id='word_1_48' title='bbox 115 1345 235 1408; x_wconf 84' lang='lat' dir='ltr'>parare,</span> <span class='ocrx_word' id='word_1_49' title='bbox 260 1329 342 1392; x_wconf 88' lang='lat' dir='ltr'>alius</span> <span class='ocrx_word' id='word_1_50' title='bbox 365 1328 463 1393; x_wconf 87' lang='lat' dir='ltr'>ulium</span> <span class='ocrx_word' id='word_1_51' title='bbox 487 1329 608 1394; x_wconf 89' lang='lat' dir='ltr'>hortari</span> 
     </span>
    </p>
   </div>
   <div class='ocr_carea' id='block_1_7' title="bbox 116 1471 1186 1664">
    <p class='ocr_par' dir='ltr' id='par_1_7' title="bbox 116 1471 1186 1664">
     <span class='ocr_line' id='line_1_11' title="bbox 224 1471 1186 1557; baseline -0.002 -19"><span class='ocrx_word' id='word_1_52' title='bbox 224 1472 348 1552; x_wconf 61' lang='lat'>0223</span> <span class='ocrx_word' id='word_1_53' title='bbox 372 1491 432 1554; x_wconf 89' lang='lat' dir='ltr'>quc</span> <span class='ocrx_word' id='word_1_54' title='bbox 470 1473 553 1538; x_wconf 84' lang='lat' dir='ltr'>inter</span> <span class='ocrx_word' id='word_1_55' title='bbox 587 1491 619 1538; x_wconf 89' lang='lat' dir='ltr'>se</span> <span class='ocrx_word' id='word_1_56' title='bbox 651 1471 706 1536; x_wconf 89' lang='lat' dir='ltr'>fidi</span> <span class='ocrx_word' id='word_1_57' title='bbox 736 1472 838 1557; x_wconf 85' lang='lat' dir='ltr'>magis</span> <span class='ocrx_word' id='word_1_58' title='bbox 861 1471 983 1553; x_wconf 84' lang='lat' dir='ltr'>iurent,</span> <span class='ocrx_word' id='word_1_59' title='bbox 1023 1471 1105 1537; x_wconf 87' lang='lat' dir='ltr'>alius</span> <span class='ocrx_word' id='word_1_60' title='bbox 1128 1471 1186 1536; x_wconf 90' lang='lat' dir='ltr'>alii</span> 
     </span>
     <span class='ocr_line' id='line_1_12' title="bbox 116 1597 510 1664; baseline -0.003 -1"><span class='ocrx_word' id='word_1_61' title='bbox 116 1598 200 1663; x_wconf 83' lang='lat' dir='ltr'>tanti</span> <span class='ocrx_word' id='word_1_62' title='bbox 223 1598 369 1664; x_wconf 84' lang='lat' dir='ltr'>facinoris</span> <span class='ocrx_word' id='word_1_63' title='bbox 393 1597 510 1664; x_wconf 83' lang='lat' dir='ltr'>conscii</span> 
     </span>
    </p>
   </div>
   <div class='ocr_carea' id='block_1_8' title="bbox 113 1741 1186 1950">
    <p class='ocr_par' dir='ltr' id='par_1_8' title="bbox 113 1741 1186 1950">
     <span class='ocr_line' id='line_1_13' title="bbox 225 1741 1186 1820; baseline 0 -13"><span class='ocrx_word' id='word_1_64' title='bbox 225 1741 370 1820; x_wconf 68' lang='lat' dir='ltr'>(iaaac</span> <span class='ocrx_word' id='word_1_65' title='bbox 402 1741 455 1806; x_wconf 83' lang='lat' dir='ltr'>sed</span> <span class='ocrx_word' id='word_1_66' title='bbox 486 1741 601 1807; x_wconf 89' lang='lat' dir='ltr'>inertia</span> <span class='ocrx_word' id='word_1_67' title='bbox 625 1744 657 1807; x_wconf 90' lang='lat' dir='ltr'>et</span> <span class='ocrx_word' id='word_1_68' title='bbox 680 1741 819 1807; x_wconf 85' lang='lat' dir='ltr'>mollitia</span> <span class='ocrx_word' id='word_1_69' title='bbox 848 1741 946 1807; x_wconf 88' lang='lat' dir='ltr'>animi</span> <span class='ocrx_word' id='word_1_70' title='bbox 978 1742 1061 1808; x_wconf 89' lang='lat' dir='ltr'>alius</span> <span class='ocrx_word' id='word_1_71' title='bbox 1088 1742 1186 1807; x_wconf 87' lang='lat' dir='ltr'>alium</span> 
     </span>
     <span class='ocr_line' id='line_1_14' title="bbox 113 1855 540 1950; baseline -0.002 -19"><span class='ocrx_word' id='word_1_72' title='bbox 113 1869 316 1950; x_wconf 81' lang='lat' dir='ltr'>expectantes</span> <span class='ocrx_word' id='word_1_73' title='bbox 340 1855 540 1932; x_wconf 81' lang='grc'><strong>0000100101</strong></span> 
     </span>
    </p>
   </div>
   <div class='ocr_carea' id='block_1_9' title="bbox 118 1991 1188 2185">
    <p class='ocr_par' dir='ltr' id='par_1_9' title="bbox 118 1991 1188 2185">
     <span class='ocr_line' id='line_1_15' title="bbox 223 1991 1188 2078; baseline -0.001 -19"><span class='ocrx_word' id='word_1_74' title='bbox 223 1993 245 2059; x_wconf 99' lang='lat' dir='ltr'><strong>J</strong></span> <span class='ocrx_word' id='word_1_75' title='bbox 271 1993 346 2069; x_wconf 64' lang='lat'>122</span> <span class='ocrx_word' id='word_1_76' title='bbox 379 1993 482 2078; x_wconf 87' lang='lat' dir='ltr'>reguli</span> <span class='ocrx_word' id='word_1_77' title='bbox 517 1991 638 2058; x_wconf 85' lang='lat' dir='ltr'>interea</span> <span class='ocrx_word' id='word_1_78' title='bbox 668 1993 702 2058; x_wconf 94' lang='lat' dir='ltr'>in</span> <span class='ocrx_word' id='word_1_79' title='bbox 735 1993 804 2059; x_wconf 86' lang='lat' dir='ltr'>lcca</span> <span class='ocrx_word' id='word_1_80' title='bbox 833 1993 1007 2076; x_wconf 86' lang='lat' dir='ltr'>propinqua</span> <span class='ocrx_word' id='word_1_81' title='bbox 1029 1994 1188 2060; x_wconf 71' lang='lat' dir='ltr'>thesauris</span> 
     </span>
     <span class='ocr_line' id='line_1_16' title="bbox 118 2117 487 2185; baseline 0.005 -3"><span class='ocrx_word' id='word_1_82' title='bbox 118 2117 200 2183; x_wconf 86' lang='lat' dir='ltr'>alius</span> <span class='ocrx_word' id='word_1_83' title='bbox 223 2119 286 2182; x_wconf 91' lang='grc'><strong>0110</strong></span> <span class='ocrx_word' id='word_1_84' title='bbox 309 2138 487 2185; x_wconf 86' lang='lat' dir='ltr'>concessere</span> 
     </span>
    </p>
   </div>
   <div class='ocr_carea' id='block_1_10' title="bbox 117 2262 1191 3994">
    <p class='ocr_par' dir='ltr' id='par_1_10' title="bbox 117 2262 1185 2471">
     <span class='ocr_line' id='line_1_17' title="bbox 224 2262 1185 2348; baseline -0.002 -20"><span class='ocrx_word' id='word_1_85' title='bbox 224 2262 246 2328; x_wconf 88' lang='lat' dir='ltr'><strong>J</strong></span> <span class='ocrx_word' id='word_1_86' title='bbox 271 2263 345 2341; x_wconf 85' lang='lat'>58‚8</span> <span class='ocrx_word' id='word_1_87' title='bbox 370 2263 470 2346; x_wconf 85' lang='lat' dir='ltr'>igitur</span> <span class='ocrx_word' id='word_1_88' title='bbox 492 2282 547 2346; x_wconf 89' lang='lat' dir='ltr'>pro</span> <span class='ocrx_word' id='word_1_89' title='bbox 577 2264 663 2329; x_wconf 88' lang='lat' dir='ltr'>metu</span> <span class='ocrx_word' id='word_1_90' title='bbox 694 2264 821 2347; x_wconf 87' lang='lat' dir='ltr'>repente</span> <span class='ocrx_word' id='word_1_91' title='bbox 851 2263 1004 2348; x_wconf 83' lang='lat' dir='ltr'>gaudium</span> <span class='ocrx_word' id='word_1_92' title='bbox 1032 2264 1185 2341; x_wconf 87' lang='lat' dir='ltr'>mutatur,</span> 
     </span>
     <span class='ocr_line' id='line_1_18' title="bbox 117 2387 765 2471; baseline 0.008 -21"><span class='ocrx_word' id='word_1_93' title='bbox 117 2387 240 2452; x_wconf 89' lang='lat' dir='ltr'>milites</span> <span class='ocrx_word' id='word_1_94' title='bbox 265 2388 342 2452; x_wconf 89' lang='lat' dir='ltr'>laeti</span> <span class='ocrx_word' id='word_1_95' title='bbox 366 2388 447 2452; x_wconf 89' lang='lat' dir='ltr'>alius</span> <span class='ocrx_word' id='word_1_96' title='bbox 470 2387 568 2452; x_wconf 84' lang='lat' dir='ltr'>alium</span> <span class='ocrx_word' id='word_1_97' title='bbox 593 2389 765 2471; x_wconf 86' lang='lat' dir='ltr'>appellant.</span> 
     </span>
    </p>

    <p class='ocr_par' dir='ltr' id='par_1_11' title="bbox 120 2512 1189 3101">
     <span class='ocr_line' id='line_1_19' title="bbox 226 2512 1187 2598; baseline 0.003 -22"><span class='ocrx_word' id='word_1_98' title='bbox 226 2512 312 2593; x_wconf 77' lang='lat' dir='ltr'>Quae</span> <span class='ocrx_word' id='word_1_99' title='bbox 335 2515 504 2594; x_wconf 76' lang='lat' dir='ltr'>structura,</span> <span class='ocrx_word' id='word_1_100' title='bbox 545 2533 641 2596; x_wconf 81' lang='lat' dir='ltr'>qurum</span> <span class='ocrx_word' id='word_1_101' title='bbox 673 2514 769 2580; x_wconf 86' lang='lat' dir='ltr'>etiam</span> <span class='ocrx_word' id='word_1_102' title='bbox 792 2515 875 2598; x_wconf 86' lang='lat' dir='ltr'>apud</span> <span class='ocrx_word' id='word_1_103' title='bbox 898 2513 979 2580; x_wconf 87' lang='lat' dir='ltr'>alies</span> <span class='ocrx_word' id='word_1_104' title='bbox 1018 2514 1187 2597; x_wconf 87' lang='lat' dir='ltr'>scriptores</span> 
     </span>
     <span class='ocr_line' id='line_1_20' title="bbox 120 2638 331 2703; baseline -0.005 -1"><span class='ocrx_word' id='word_1_105' title='bbox 120 2638 331 2703; x_wconf 87' lang='lat' dir='ltr'>Romanorum</span> 
     </span>
     <span class='ocr_line' id='line_1_21' title="bbox 120 2763 1188 2848; baseline 0 -20"><span class='ocrx_word' id='word_1_106' title='bbox 120 2764 187 2832; x_wconf 76' lang='lat' dir='ltr'>Lis.</span> <span class='ocrx_word' id='word_1_107' title='bbox 211 2765 243 2830; x_wconf 88' lang='grc'>11</span> <span class='ocrx_word' id='word_1_108' title='bbox 270 2765 309 2828; x_wconf 91' lang='grc'>10</span> <span class='ocrx_word' id='word_1_109' title='bbox 333 2765 408 2829; x_wconf 90' lang='lat' dir='ltr'>dum</span> <span class='ocrx_word' id='word_1_110' title='bbox 431 2763 514 2829; x_wconf 89' lang='lat' dir='ltr'>alius</span> <span class='ocrx_word' id='word_1_111' title='bbox 536 2764 636 2830; x_wconf 88' lang='lat' dir='ltr'>alium</span> <span class='ocrx_word' id='word_1_112' title='bbox 659 2765 922 2848; x_wconf 78' lang='lat' dir='ltr'>circumspectant</span> <span class='ocrx_word' id='word_1_113' title='bbox 938 2765 1026 2833; x_wconf 84' lang='lat' dir='ltr'>Curt.</span> <span class='ocrx_word' id='word_1_114' title='bbox 1043 2764 1074 2829; x_wconf 89' lang='lat' dir='ltr'>X</span> <span class='ocrx_word' id='word_1_115' title='bbox 1090 2764 1188 2844; x_wconf 84' lang='lat' dir='ltr'>45‚1u</span> 
     </span>
     <span class='ocr_line' id='line_1_22' title="bbox 120 2887 1189 2975; baseline -0.001 -22"><span class='ocrx_word' id='word_1_116' title='bbox 120 2890 243 2973; x_wconf 85' lang='lat' dir='ltr'>saepius</span> <span class='ocrx_word' id='word_1_117' title='bbox 274 2889 467 2971; x_wconf 84' lang='lat' dir='ltr'>reperiatur,</span> <span class='ocrx_word' id='word_1_118' title='bbox 503 2889 626 2974; x_wconf 86' lang='lat' dir='ltr'>legibus</span> <span class='ocrx_word' id='word_1_119' title='bbox 657 2889 875 2975; x_wconf 85' lang='lat' dir='ltr'>grammaticis</span> <span class='ocrx_word' id='word_1_120' title='bbox 904 2890 1078 2975; x_wconf 85' lang='lat' dir='ltr'>logicisque</span> <span class='ocrx_word' id='word_1_121' title='bbox 1112 2887 1189 2954; x_wconf 86' lang='lat' dir='ltr'>scite</span> 
     </span>
     <span class='ocr_line' id='line_1_23' title="bbox 120 3014 793 3101; baseline 0.009 -23"><span class='ocrx_word' id='word_1_122' title='bbox 120 3014 246 3081; x_wconf 84' lang='lat' dir='ltr'>defensa</span> <span class='ocrx_word' id='word_1_123' title='bbox 269 3016 318 3079; x_wconf 89' lang='lat' dir='ltr'>est</span> <span class='ocrx_word' id='word_1_124' title='bbox 341 3033 360 3079; x_wconf 88' lang='lat' dir='ltr'>a</span> <span class='ocrx_word' id='word_1_125' title='bbox 383 3014 543 3080; x_wconf 86' lang='lat' dir='ltr'>Fridericc</span> <span class='ocrx_word' id='word_1_126' title='bbox 567 3014 725 3082; x_wconf 88' lang='lat' dir='ltr'>Gruendel</span> <span class='ocrx_word' id='word_1_127' title='bbox 740 3015 793 3101; x_wconf 78' lang='lat'><strong>²³).</strong></span> 
     </span>
    </p>

    <p class='ocr_par' dir='ltr' id='par_1_12' title="bbox 120 3158 1191 3613">
     <span class='ocr_line' id='line_1_24' title="bbox 229 3158 1191 3244; baseline 0.002 -22"><span class='ocrx_word' id='word_1_128' title='bbox 229 3159 339 3241; x_wconf 86' lang='lat' dir='ltr'>Neque</span> <span class='ocrx_word' id='word_1_129' title='bbox 373 3160 479 3226; x_wconf 88' lang='lat' dir='ltr'>tamen</span> <span class='ocrx_word' id='word_1_130' title='bbox 511 3160 544 3224; x_wconf 89' lang='lat' dir='ltr'>in</span> <span class='ocrx_word' id='word_1_131' title='bbox 577 3159 668 3224; x_wconf 89' lang='lat' dir='ltr'>libris</span> <span class='ocrx_word' id='word_1_132' title='bbox 698 3159 900 3225; x_wconf 74' lang='lat' dir='ltr'>sallustianis</span> <span class='ocrx_word' id='word_1_133' title='bbox 938 3158 1048 3244; x_wconf 81' lang='lat' dir='ltr'>negari</span> <span class='ocrx_word' id='word_1_134' title='bbox 1087 3161 1191 3242; x_wconf 85' lang='lat' dir='ltr'>petest</span> 
     </span>
     <span class='ocr_line' id='line_1_25' title="bbox 120 3282 1190 3368; baseline 0.002 -22"><span class='ocrx_word' id='word_1_135' title='bbox 120 3282 205 3347; x_wconf 86' lang='lat' dir='ltr'>loces</span> <span class='ocrx_word' id='word_1_136' title='bbox 228 3283 343 3364; x_wconf 85' lang='lat' dir='ltr'>inesse,</span> <span class='ocrx_word' id='word_1_137' title='bbox 377 3303 508 3366; x_wconf 87' lang='lat' dir='ltr'>quorum</span> <span class='ocrx_word' id='word_1_138' title='bbox 533 3285 711 3351; x_wconf 85' lang='lat' dir='ltr'>emendatio</span> <span class='ocrx_word' id='word_1_139' title='bbox 740 3284 802 3349; x_wconf 87' lang='lat' dir='ltr'>nisi</span> <span class='ocrx_word' id='word_1_140' title='bbox 835 3285 1014 3368; x_wconf 85' lang='lat' dir='ltr'>conjectura</span> <span class='ocrx_word' id='word_1_141' title='bbox 1036 3283 1105 3350; x_wconf 92' lang='lat' dir='ltr'>fieri</span> <span class='ocrx_word' id='word_1_142' title='bbox 1127 3302 1190 3349; x_wconf 92' lang='grc'>000</span> 
     </span>
     <span class='ocr_line' id='line_1_26' title="bbox 122 3409 1190 3494; baseline 0 -20"><span class='ocrx_word' id='word_1_143' title='bbox 122 3409 231 3491; x_wconf 83' lang='lat' dir='ltr'>pessit.</span> <span class='ocrx_word' id='word_1_144' title='bbox 278 3409 355 3494; x_wconf 86' lang='lat' dir='ltr'>Ejus</span> <span class='ocrx_word' id='word_1_145' title='bbox 371 3411 456 3476; x_wconf 84' lang='lat' dir='ltr'>modi</span> <span class='ocrx_word' id='word_1_146' title='bbox 472 3412 587 3477; x_wconf 85' lang='lat' dir='ltr'>mendo</span> <span class='ocrx_word' id='word_1_147' title='bbox 603 3411 747 3478; x_wconf 85' lang='lat' dir='ltr'>laborare</span> <span class='ocrx_word' id='word_1_148' title='bbox 763 3410 921 3490; x_wconf 85' lang='lat' dir='ltr'>videntur,</span> <span class='ocrx_word' id='word_1_149' title='bbox 946 3429 1024 3492; x_wconf 85' lang='lat' dir='ltr'>quae</span> <span class='ocrx_word' id='word_1_150' title='bbox 1040 3411 1190 3494; x_wconf 86' lang='lat' dir='ltr'>leguntur</span> 
     </span>
     <span class='ocr_line' id='line_1_27' title="bbox 121 3536 266 3613; baseline -0.028 -11"><span class='ocrx_word' id='word_1_151' title='bbox 121 3537 143 3602; x_wconf 88' lang='lat' dir='ltr'><strong>J</strong></span> <span class='ocrx_word' id='word_1_152' title='bbox 167 3536 266 3613; x_wconf 87' lang='grc'><strong>38,10</strong></span> 
     </span>
    </p>

    <p class='ocr_par' dir='ltr' id='par_1_13' title="bbox 123 3659 1189 3994">
     <span class='ocr_line' id='line_1_28' title="bbox 228 3659 1188 3748; baseline -0.001 -23"><span class='ocrx_word' id='word_1_153' title='bbox 228 3659 324 3742; x_wconf 82' lang='lat' dir='ltr'>,Quae</span> <span class='ocrx_word' id='word_1_154' title='bbox 340 3681 528 3744; x_wconf 83' lang='lat' dir='ltr'>quamquam</span> <span class='ocrx_word' id='word_1_155' title='bbox 544 3661 655 3747; x_wconf 86' lang='lat' dir='ltr'>grevia</span> <span class='ocrx_word' id='word_1_156' title='bbox 669 3665 700 3728; x_wconf 89' lang='lat' dir='ltr'>ct</span> <span class='ocrx_word' id='word_1_157' title='bbox 716 3660 832 3748; x_wconf 84' lang='lat' dir='ltr'>flagitii</span> <span class='ocrx_word' id='word_1_158' title='bbox 844 3661 938 3746; x_wconf 87' lang='lat' dir='ltr'>plena</span> <span class='ocrx_word' id='word_1_159' title='bbox 953 3661 1052 3736; x_wconf 89' lang='lat' dir='ltr'>erant,</span> <span class='ocrx_word' id='word_1_160' title='bbox 1070 3662 1188 3742; x_wconf 82' lang='lat' dir='ltr'>tamen,</span> 
     </span>
     <span class='ocr_line' id='line_1_29' title="bbox 123 3786 1189 3871; baseline 0 -21"><span class='ocrx_word' id='word_1_161' title='bbox 123 3786 195 3870; x_wconf 91' lang='lat' dir='ltr'>quia</span> <span class='ocrx_word' id='word_1_162' title='bbox 218 3786 330 3850; x_wconf 87' lang='lat' dir='ltr'>mortis</span> <span class='ocrx_word' id='word_1_163' title='bbox 353 3790 439 3852; x_wconf 91' lang='lat' dir='ltr'>metu</span> <span class='ocrx_word' id='word_1_164' title='bbox 462 3788 683 3867; x_wconf 83' lang='lat' dir='ltr'>mutabantur,</span> <span class='ocrx_word' id='word_1_165' title='bbox 718 3787 812 3853; x_wconf 88' lang='lat' dir='ltr'>sicuti</span> <span class='ocrx_word' id='word_1_166' title='bbox 836 3786 904 3871; x_wconf 87' lang='lat' dir='ltr'>regi</span> <span class='ocrx_word' id='word_1_167' title='bbox 937 3786 1098 3862; x_wconf 91' lang='lat' dir='ltr'>lubuerat,</span> <span class='ocrx_word' id='word_1_168' title='bbox 1130 3804 1189 3868; x_wconf 81' lang='lat' dir='ltr'>pax</span> 
     </span>
     <span class='ocr_line' id='line_1_30' title="bbox 124 3909 1189 3994; baseline 0.001 -19"><span class='ocrx_word' id='word_1_169' title='bbox 124 3909 290 3975; x_wconf 87' lang='lat' dir='ltr'>convenit&#39;.</span> <span class='ocrx_word' id='word_1_170' title='bbox 337 3911 429 3988; x_wconf 84' lang='lat' dir='ltr'>Luco,</span> <span class='ocrx_word' id='word_1_171' title='bbox 454 3931 547 3994; x_wconf 88' lang='lat' dir='ltr'>quem</span> <span class='ocrx_word' id='word_1_172' title='bbox 570 3913 740 3978; x_wconf 83' lang='lat' dir='ltr'>tractaturi</span> <span class='ocrx_word' id='word_1_173' title='bbox 756 3932 873 3993; x_wconf 83' lang='lat' dir='ltr'>sumus,</span> <span class='ocrx_word' id='word_1_174' title='bbox 897 3911 989 3977; x_wconf 87' lang='lat' dir='ltr'>credo</span> <span class='ocrx_word' id='word_1_175' title='bbox 1014 3911 1064 3976; x_wconf 85' lang='lat' dir='ltr'>vix</span> <span class='ocrx_word' id='word_1_176' title='bbox 1088 3911 1189 3976; x_wconf 92' lang='lat' dir='ltr'>ullum</span> 
     </span>
    </p>
   </div>
   <div class='ocr_carea' id='block_1_11' title="bbox 230 4178 1027 4325">
    <p class='ocr_par' dir='ltr' id='par_1_14' title="bbox 230 4178 1027 4325">
     <span class='ocr_line' id='line_1_31' title="bbox 230 4178 842 4249; baseline 0.002 -16"><span class='ocrx_word' id='word_1_177' title='bbox 230 4178 263 4248; x_wconf 77' lang='lat'>²⁸)</span> <span class='ocrx_word' id='word_1_178' title='bbox 281 4180 309 4232; x_wconf 90' lang='lat' dir='ltr'>in</span> <span class='ocrx_word' id='word_1_179' title='bbox 328 4180 417 4235; x_wconf 86' lang='lat' dir='ltr'>annal.</span> <span class='ocrx_word' id='word_1_180' title='bbox 437 4180 573 4249; x_wconf 82' lang='lat' dir='ltr'>gymnasii</span> <span class='ocrx_word' id='word_1_181' title='bbox 591 4179 698 4234; x_wconf 84' lang='lat' dir='ltr'>Thorun</span> <span class='ocrx_word' id='word_1_182' title='bbox 717 4197 742 4238; x_wconf 84' lang='lat' dir='ltr'>s.</span> <span class='ocrx_word' id='word_1_183' title='bbox 765 4180 842 4239; x_wconf 82' lang='grc'><strong>1819.</strong></span> 
     </span>
     <span class='ocr_line' id='line_1_32' title="bbox 1010 4271 1027 4325; baseline 0 0"><span class='ocrx_word' id='word_1_184' title='bbox 1010 4271 1027 4325; x_wconf 92' lang='grc'>3</span> 
     </span>
    </p>
   </div>
   <div class='ocr_carea' id='block_1_12' title="bbox 0 0 1438 4706">
    <p class='ocr_par' dir='ltr' id='par_1_15' title="bbox 0 0 1438 4706">
     <span class='ocr_line' id='line_1_33' title="bbox 0 0 1438 4706; baseline 0 0"><span class='ocrx_word' id='word_1_185' title='bbox 0 0 1438 4706; x_wconf 95' lang='lat' dir='ltr'> </span> 
     </span>
    </p>
   </div>
  </div>
 </body>
</html>
