2854 4706
618 187 657 257 15

104 425 169 474 non
192 406 292 474 solum
308 407 470 490 praedicat
487 427 580 490 penos
596 407 670 472 illos
685 405 826 472 fortunas
841 406 974 472 honores
986 406 1169 490 potentiam,

103 534 167 599 sibi
197 535 229 600 et
259 533 368 599 amicis
400 533 482 598 nihil
510 533 572 596 nisi
601 532 741 615 inopiam
782 533 814 597 et
847 550 898 597 aas
935 532 1073 598 alienum
1105 552 1171 598 esso

103 659 262 739 relietum,
294 659 348 724 sed
372 658 479 738 etiam,
513 677 573 741 quo
597 658 700 742 magis
722 658 802 722 hano
826 676 930 722 rerum
953 657 1171 724 diversitatem

104 785 327 866 persequatur,
362 784 394 848 in
427 786 566 850 extrema
595 783 688 867 hujus
720 783 832 866 ospitis
863 784 951 867 parto
984 802 1106 848 summa
1139 784 1174 848 vi

105 909 284 992 pronomini
308 909 393 990 ,illis’
421 909 549 993 opponit
574 909 694 987 ,nobis’.
748 910 909 994 Leguntnr
942 908 1017 985 ,illis
1041 908 1171 974 divitias

105 1053 251 1118 superare
277 1072 314 1082 -
340 1034 431 1100 nobis
454 1053 520 1100 rem
543 1034 732 1101 familiarem
757 1034 877 1112 deesse;
907 1033 980 1100 illos
1003 1033 1093 1100 binas
1116 1035 1171 1099 aut

105 1160 242 1243 amplius
281 1160 388 1225 domos
428 1161 610 1226 continuare
642 1198 682 1209 —
712 1160 803 1225 nobis
845 1160 944 1226 larem
982 1159 1171 1225 familiarem

104 1305 261 1368 nusquam
292 1286 393 1372 ullum
432 1305 512 1365 esse;
544 1286 674 1352 divitias
705 1305 777 1352 suas
800 1285 924 1352 vincere
946 1287 1105 1368 nequeunt
1133 1322 1169 1332 —

105 1412 140 1476 at
162 1411 253 1475 nobis
276 1412 324 1476 est
348 1411 433 1476 domi
462 1411 589 1493 inopia'.
637 1410 722 1492 Quae
746 1430 841 1494 quum
865 1411 911 1476 ita
933 1410 1007 1491 sint,
1031 1412 1169 1488 nonest,

104 1555 200 1619 quam
231 1537 269 1601 ob
300 1555 367 1601 rom
395 1535 533 1603 Catilina
555 1536 691 1620 primum
724 1537 904 1620 pronomine
935 1537 1055 1617 ,vobis'‚
1088 1536 1171 1602 inse·

105 1662 215 1746 quenti
248 1660 401 1727 orationis
428 1663 517 1744 parte
548 1681 668 1744 semper
693 1661 801 1740 ,nobis’
833 1662 951 1741 utatur,
986 1681 1082 1744 quum
1104 1661 1170 1744 ipso

104 1787 233 1870 ejusque
258 1787 336 1852 socii
359 1787 477 1852 eisdem
494 1786 729 1852 calamitatibus
754 1787 891 1870 oppressi
908 1787 1025 1853 eisdem
1049 1806 1169 1870 quoque

104 1911 209 1978 causis
231 1911 306 1978 freti
330 1931 395 1977 sose
419 1911 586 1977 victoriam
609 1912 776 1996 adepturos
800 1932 865 1978 esse
889 1914 1023 1996 sperent.

213 2036 407 2102 Emendandi
429 2037 532 2102 studio
556 2036 589 2101 in
606 2037 709 2104 verbis
722 2038 745 2104 O
759 2039 832 2114 33,1
859 2039 951 2119 ,Deos
967 2038 1169 2120 hominesque

103 2164 270 2242 testamur,
309 2163 490 2246 imperator,
530 2183 586 2228 nos
624 2183 712 2228 arma
750 2183 848 2246 neque
886 2165 996 2228 contra
1033 2165 1169 2248 patriam

104 2287 224 2370 cepisse
240 2307 339 2370 neque
364 2307 423 2370 quo
447 2287 621 2371 periculum
646 2287 719 2352 aliis
742 2288 926 2367 faceremus,
953 2288 1007 2353 sed
1030 2287 1078 2352 uti
1102 2306 1169 2354 cor-

104 2431 182 2496 pora
213 2414 322 2477 nostra
353 2413 391 2477 ab
420 2413 535 2497 injuria
565 2413 637 2477 tuta
666 2412 784 2488 forent,
823 2413 876 2495 qni
903 2412 1011 2478 miseri
1043 2414 1170 2497 egentes

104 2537 261 2603 violentia
288 2540 382 2620 atque
411 2539 598 2604 crudelitate
626 2537 836 2603 feneratorum
870 2537 1009 2621 plerique
1038 2537 1168 2620 patriae,

104 2665 160 2730 sed
191 2684 296 2730 omnes
328 2664 412 2730 forna
435 2666 529 2747 atque
552 2664 688 2728 fortunis
718 2665 856 2745 expertes
885 2665 1000 2727 sumns'
1026 2663 1168 2745 ,patriao'

107 2789 271 2875 genitivus
287 2790 429 2854 mutatus
445 2789 569 2856 videtur
585 2807 651 2855 esse
666 2790 699 2853 in
724 2789 846 2872 ,patria’
864 2789 1049 2869 ablavitum,
1075 2809 1170 2872 quum

105 2917 216 2981 auctor
252 2914 328 2978 libri
360 2915 398 2979 Vi
438 2915 475 2979 de
514 2915 726 2980 concinnitate
765 2915 917 2980 sermonis
956 2914 1099 2998 cogitans
1137 2914 1167 2978 in

105 3039 227 3121 duplici
250 3043 375 3122 ‚expers’
400 3039 546 3104 vooabnli
570 3040 729 3105 structura
754 3038 932 3107 offenderet.
981 3038 1170 3122 Improbatis

105 3165 319 3249 argumentis,
353 3185 431 3247 quae
462 3167 502 3230 ad
525 3165 563 3230 Pi
594 3168 790 3249 scrupturam
820 3165 1006 3230 firmandam
1039 3163 1169 3249 collegit

105 3291 241 3370 Cortins,
269 3291 419 3356 hocloco
444 3291 652 3358 Weinholdus
675 3312 713 3357 ne
741 3293 785 3357 Vo
809 3291 935 3375 quidem
960 3292 1037 3356 satis
1061 3293 1170 3357 auoto-

104 3415 213 3480 ritatis
236 3403 365 3495 tribuit,
399 3417 452 3481 sod
476 3418 577 3482 totam
601 3417 790 3483 sententiam
823 3419 950 3500 propter
972 3416 1045 3496 ,sed'
1071 3417 1170 3499 parti-

104 3540 209 3607 culam
240 3542 474 3607 adversativam
510 3544 682 3608 arbitratus
705 3563 772 3608 esse
800 3543 961 3608 turbatam
994 3542 1128 3624 conjecit
1152 3559 1170 3606 a

105 3666 258 3732 Sallustio
282 3668 433 3750 scripturn
459 3687 524 3734 esse
549 3668 612 3750 ,qui
635 3669 743 3734 miseri
765 3670 892 3751 egentes
909 3667 1059 3732 violantia
1074 3667 1169 3748 atque

106 3792 294 3858 crudelitato
317 3793 529 3858 feneratorum
553 3793 692 3877 plerique
716 3794 819 3876 patria
843 3793 924 3872 sede,
956 3811 1061 3857 omnes
1085 3791 1170 3856 fama

105 3920 200 4000 atque
224 3918 350 3982 fortuna
374 3920 513 4001 expertes
528 3921 655 3986 sumns'.
703 3920 776 3984 Jam
800 3937 873 3984 vero
898 3918 924 3982 si
947 3917 1005 3982 illa
1029 3917 1169 3998 exempla

105 4045 146 4109 ab
168 4063 204 4108 eo
228 4043 344 4126 rejecta
367 4043 473 4126 qualia
497 4045 570 4123 sint,
595 4043 784 4127 perspexeris

215 4168 238 4234 O
263 4169 313 4248 25,
339 4170 358 4231 2
382 4169 475 4233 docta
498 4167 615 4234 litteris
640 4221 646 4234 .
674 4223 681 4237 .
707 4216 714 4232 .
739 4168 840 4232 multa
863 4167 926 4232 alia
