2854 4706
747 184 786 243 10

656 272 870 280 -————·—

230 393 284 476 qui
314 393 439 476 quidem
475 414 511 459 ex
545 395 633 477 parte
669 394 801 460 Jordani
838 393 876 458 de
910 393 956 457 Vo
991 392 1293 457 commentationem

231 519 433 596 collaudavit,
459 521 511 586 sed
535 521 751 605 eimaj01·em,
776 539 869 602 qnam
893 538 949 602 par
972 521 1049 598 eret,
1082 517 1176 583 fidem
1200 519 1300 600 atque

231 645 453 711 anctoritatem
477 647 661 713 vindicavit.
718 646 826 729 Neque
849 645 881 709 in
906 645 1086 710 universum
1110 644 1187 708 satis
1210 647 1300 709 recta

232 770 405 853 disputasse
436 772 473 836 de
506 776 572 837 arte
605 771 716 836 critica
740 770 817 838 Sall.
843 769 921 834 mihi
956 770 1099 848 videtur,
1127 789 1230 851 ¹quum
1262 771 1299 833 et

231 895 349 960 librum
379 896 479 963 Paris.
515 897 602 961 Sorb.
632 897 715 961 1576
751 898 845 979 atque
874 897 957 962 Vum
992 896 1060 978 pari
1101 894 1299 978 praestantia

231 1039 299 1086 esse
328 1023 496 1087 contendat
527 1025 559 1087 et
590 1022 623 1087 in
653 1015 947 1088 ratiocinationibus
980 1020 1044 1086 snis
1078 1039 1139 1085 non
1172 1039 1298 1102 semper

231 1146 410 1210 constantin
444 1166 480 1211 ac
515 1147 791 1230 circumspectione
827 1165 901 1210 nsus
935 1145 1085 1210 nonnulla
1123 1144 1163 1209 ad
1203 1162 1296 1209 snum

228 1269 382 1352 judicium
406 1275 539 1339 revocet.
594 1272 679 1337 ldem
704 1272 786 1354 quod
810 1271 974 1337 dubiorum
998 1272 1053 1336 aut
1076 1272 1297 1354 corruptorum

230 1394 370 1461 locorum
400 1398 554 1463 medelam
584 1398 758 1464 aSalustii
787 1399 985 1463 imitatorum
1022 1417 1160 1462 sermone
1190 1395 1297 1479 petiit,

231 1521 378 1587 haecrcs
402 1523 481 1588 vitio
506 1523 534 1589 ei
559 1525 742 1605 dandami,
776 1523 932 1607 qnoniam,
969 1541 1062 1605 qnam
1085 1521 1297 1605 periculosum
1423 1574 1424 1582 ,

230 1646 446 1732 lubricumque
465 1649 497 1715 id
522 1651 762 1736 argumentandi
785 1670 884 1735 genus
908 1650 960 1728 sit,
985 1649 1046 1715 viri
1068 1648 1155 1713 docti
1172 1646 1298 1730 saepius

231 1775 543 1861 explanaverunt.¹⁶)
596 1778 647 1841 Ite
675 1776 793 1841 iactum
818 1778 877 1856 est,
911 1777 957 1854 ut,
981 1795 1077 1858 quum
1107 1793 1168 1839 non
1192 1774 1298 1839 solnm

233 1901 448 1984 compluribus
477 1901 554 1967 locis
587 1903 627 1968 vi
659 1901 829 1984 scripturas
866 1901 1066 1966 obstantibus
1098 1898 1299 1984 gravissimis

232 2026 426 2110 argumentis
456 2027 515 2107 eis,
549 2046 625 2110 quas
648 2027 700 2092 Po
732 2026 945 2106 tradiderunt,
978 2024 1209 2109 anteposuerit,
1240 2024 1298 2088 sed

230 2152 327 2218 etiam
350 2153 481 2219 levitate
506 2155 640 2237 quadam
664 2172 883 2237 nonnunquam
910 2155 1023 2219 ductus
1044 2153 1194 2218 lectiones
1211 2152 1300 2216 baud

229 2279 370 2362 integras
393 2279 548 2362 probarit,
572 2279 664 2362 pauci
687 2279 720 2344 in
743 2280 809 2364 ejus
832 2279 1052 2345 dissertatione
1076 2279 1198 2344 exstent
1222 2277 1297 2358 loci,

230 2403 283 2486 qui
310 2403 395 2468 omni
428 2403 594 2470 offensione
625 2423 730 2470 carere
762 2405 919 2470 videntur.
984 2403 1062 2470 Sunt
1092 2403 1175 2469 enim
1207 2403 1293 2468 inter

232 2548 294 2607 eos,
319 2529 356 2594 de
381 2529 493 2612 quibus
517 2530 658 2596 dicturus
682 2550 761 2611 snm,
786 2531 836 2597 ni:

338 2655 359 2720 J
383 2655 480 2734 31‚25
505 2675 553 2732 ,ne
577 2656 701 2720 tantum
726 2655 825 2721 scelus
842 2655 1031 2738 impunitum
1048 2651 1297 2732 omittatisCP’3

233 2780 501 2858 P,obmittatia';
538 2782 603 2846 Vns
644 2783 833 2861 amittatis.
894 2779 1044 2860 Quamvis
1089 2777 1299 2844 subtilissime

233 2903 314 2969 hanc
348 2905 592 2971 controversiam
630 2907 776 2985 solveret,
811 2923 906 2988 quum
940 2904 1102 2970 notionem
1132 2903 1299 2985 utriusque

233 3030 321 3096 verbi
352 3033 385 3095 ot
420 3031 586 3096 omittendi
619 3034 651 3097 et
680 3030 846 3096 emittendi
884 3031 1087 3113 proponeret,
1121 3030 1226 3094 tamen
1258 3049 1299 3094 ne

144 3169 148 3180 ⁴
233 3156 307 3224 Sall,
334 3157 479 3224 credatur
502 3159 541 3222 ab
560 3158 618 3222 hoc
635 3158 786 3223 sermonis
801 3176 859 3221 nsu
876 3157 1046 3236 aberrasse,
1071 3157 1155 3222 locos
1179 3155 1299 3241 subjeci

340 3283 465 3359 028,4
504 3283 647 3366 bonaque
685 3283 789 3348 omnia
829 3283 979 3348 amiserat
1012 3283 1155 3363 058,2l
1188 3285 1298 3349 cavete

232 3408 328 3474 inulti
351 3409 489 3479 animam
513 3410 673 3477 amittatis
698 3409 721 3476 (l
746 3410 818 3490 31,1
845 3429 944 3492 neque
968 3409 1083 3474 amisso
1107 3409 1299 3492 patrimonio

233 3535 366 3601 liberum
397 3555 509 3620 corpus
537 3536 650 3602 babere
675 3535 698 3602 O
722 3536 798 3614 37,5
828 3555 883 3617 per
917 3535 1070 3603 dedecora
1098 3535 1300 3618 patrimoniis

234 3660 358 3726 amissis
381 3662 402 3728 J
426 3662 523 3742 31,17
548 3662 681 3728 dedecus
705 3663 752 3726 est
775 3663 866 3744 parta
882 3662 1029 3727 amittere
1046 3661 1067 3727 J
1085 3662 1159 3741 52‚4
1184 3660 1299 3725 emisso

233 3789 302 3854 loco
325 3789 346 3854 J
370 3788 445 3867 84,3
470 3787 576 3852 studia
599 3788 685 3871 volgi
709 3786 881 3852 amissurus
905 3807 953 3870 ep.
978 3787 1087 3854 Mithr.
1116 3787 1156 3850 14
1178 3785 1300 3850 milites

234 3915 389 3979 amittere.

342 4074 375 4144 ¹⁶)
393 4075 528 4132 Jordanns
546 4075 575 4128 in
593 4073 676 4144 praei.
696 4073 737 4128 ed.
757 4089 807 4130 sec.
827 4091 851 4129 a.
873 4073 942 4130 1876
969 4091 994 4143 p.
1014 4071 1061 4130 1Χ.
1082 4071 1184 4127 Meusel
1203 4071 1231 4126 in
1251 4071 1299 4126 der

234 4173 389 4232 zeitschrift
407 4172 771 4244 lbrdasGymnasialvvesen.
808 4170 1096 4228 Februar-Maercheft.
1116 4171 1209 4228 Berlin
1222 4171 1298 4230 1880.
