2854 4706
636 208 655 270 9

539 298 752 308 -—---—

113 425 226 488 Porcia
254 425 365 488 uetat?
388 426 422 488 at
445 422 525 486 aliae
550 423 635 506 leges
658 421 733 485 item
760 419 797 482 de
819 416 1034 482 condemnatis
1058 415 1179 478 civibus

113 567 173 614 nou
198 547 338 612 animum
362 548 451 630 eripi,
476 549 528 612 sed
553 547 680 612 erilium
701 543 842 627 permitti
865 542 998 625 jubent',
1023 540 1096 622 quia
1120 540 1177 617 ‚de'

113 675 146 738 in
170 675 228 739 hoc
251 693 367 738 conexu
392 673 619 738 sententiarum
643 671 821 736 adhibitum
857 688 916 750 quo
946 668 1014 752 jure
1038 683 1178 747 compro-

113 803 206 866 betur
243 819 299 864 nec
337 818 435 882 genus
470 797 613 863 Sallustii
653 795 777 862 dicendi
816 813 872 860 neo
907 794 992 877 leges
1029 789 1179 856 sermonis

117 925 218 990 latini
245 924 423 991 ostendunt.

222 1051 294 1116 Jam
319 1068 392 1114 uero
417 1034 524 1132 quum,
550 1049 623 1130 quid
648 1049 688 1112 ab
711 1047 770 1112 hac
793 1047 882 1129 parte
899 1043 1048 1127 praesidii
1064 1039 1177 1106 codici-

116 1176 173 1240 bus
191 1177 328 1257 pamtm,
351 1193 400 1240 me
418 1174 660 1258 dijudicaturnm
679 1193 744 1237 esse
762 1173 1001 1253 haudquaquam
1016 1167 1178 1240 confidam,

115 1303 273 1364 certamen
289 1300 433 1364 'virorum
452 1301 613 1364 doctorum
637 1317 720 1363 nunc
742 1298 956 1379 relinquamus
977 1297 1008 1359 et
1024 1311 1180 1358 summum

12 1481 17 1490 .
116 1427 311 1489 momentum
347 1426 379 1488 in
409 1425 512 1490 verbis
543 1423 619 1506 ipsis
654 1424 791 1506 positum
833 1441 899 1486 esse
931 1421 993 1484 rati
1025 1422 1063 1484 ad
1096 1420 1180 1483 locos

116 1551 267 1634 strigulus,
292 1551 405 1633 quibus
429 1551 544 1615 librum
559 1551 639 1614 Vum
664 1550 776 1614 ceteris
800 1549 958 1631 praestare
973 1546 1180 1613 Weinholdus

117 1677 242 1756 statuit,
268 1677 488 1740 examinandos
511 1679 716 1742 transeamus.
765 1676 951 1757 Priusquam
976 1674 1081 1738 antem
1101 1673 1182 1736 hanc

118 1803 329 1884 quaestionem
355 1801 563 1881 instituimus,
588 1801 755 1867 dicendum
773 1800 851 1864 mihi
868 1819 933 1865 esse
951 1800 1085 1878 videtur,
1110 1817 1181 1862 eum

115 1947 186 1992 cum
226 1927 333 2010 paucis
367 1927 443 1991 viris
478 1927 578 1993 doctis
593 1927 637 2012 12)
678 1927 771 1992 fidem
807 1925 923 1992 codicis
959 1925 998 1990 Vi
1035 1925 1179 1989 obstante

112 2053 232 2139 jndicio
269 2052 441 2118 multorum
488 2072 654 2136 eorumque
694 2071 884 2117 summorum
921 2051 1058 2116 virorum
1098 2050 1181 2113 tanti

116 2181 226 2246 fecisse
241 2180 291 2263 ¹³),
309 2182 344 2244 ut
357 2180 579 2244 auctoritatem
595 2179 785 2262 reliquorum
804 2179 866 2242 fere
882 2177 974 2241 nihili
988 2176 1179 2242 aestimaret.

117 2307 275 2372 Jordanns
299 2325 372 2371 voro
397 2307 476 2370 banc
500 2305 578 2371 artis
602 2305 730 2370 criticae
755 2304 964 2370 Sallustianae
994 2303 1096 2386 legem
1120 2301 1180 2365 sibi

117 2432 254 2513 scripsit,
295 2434 330 2496 ut
370 2430 620 2514 discrepantibus
657 2431 732 2496 libri
768 2431 807 2495 Vi
843 2431 875 2494 et
914 2429 1031 2511 primae
1071 2426 1181 2491 classis

116 2549 268 2621 librorum
292 2557 456 2639 scripturis
480 2557 524 2622 eis
547 2557 633 2632 10010,
660 2557 772 2639 quibus
796 2575 894 2639 neque
919 2555 1005 2638 leges
1029 2553 1180 2618 sermonis

116 2681 198 2746 recti
220 2684 314 2765 atque
338 2682 453 2766 integri
476 2701 574 2765 neque
599 2702 672 2747 usus
696 2681 773 2747 Sall.
799 2680 923 2747 dicendi
947 2680 1120 2756 obstarent,
1145 2698 1181 2742 ea

117 2809 150 2872 in
174 2809 293 2874 tentum
318 2809 540 2891 reciperentur,
565 2809 699 2890 quaein
723 2809 767 2872 Po
791 2807 950 2892 leguntur.
1004 2804 1104 2885 Quam
1133 2825 1181 2869 re-

118 2933 264 2998 censendi
292 2933 446 2998 rationem
471 2953 532 3006 non
556 2933 649 2998 modo
680 2931 832 3015 probavit
856 2930 1093 3016 6000000014),
1127 2934 1180 2998 sed

18 3063 20 3067 ’
117 3058 214 3122 etiam
257 3058 438 3124 Dietschius
477 3057 613 3123 editione
650 3056 802 3140 lipsiensi
837 3077 855 3122 a
887 3059 971 3122 1859
999 3056 1182 3121 Weinholdi

117 3183 305 3248 sententiam
337 3185 462 3248 secutus
502 3182 597 3246 initio
625 3181 828 3264 praefationis
863 3181 1010 3248 editionis
1041 3181 1179 3263 quartae,

117 3327 195 3390 quae
220 3309 343 3392 Lipsiae
367 3326 447 3373 anno
476 3309 559 3373 1869
583 3308 719 3390 prodiit,
759 3309 861 3374 facere
892 3327 924 3372 se
958 3326 1018 3371 non
1042 3307 1180 3390 potuisse

119 3434 292 3517 profitetur,
317 3434 390 3516 quin
413 3434 446 3498 in
472 3434 616 3537 omnibus
633 3433 853 3500 locisJordaui
873 3433 1027 3517 judicium
1044 3432 1181 3514 amplec-

117 3560 247 3625 teretur.
262 3560 333 3624 Non
349 3559 425 3625 adeo
436 3561 480 3625 eis
490 3559 636 3625 assentiri
646 3561 775 3624 conatus
787 3562 835 3624 est
848 3555 1181 3640 nuperAnlraltiua¹⁵)

227 3756 258 3826 12)
278 3755 323 3812 cfr.
343 3755 446 3810 Dieokii
465 3758 494 3810 et
512 3755 602 3809 Boesii
621 3753 682 3814 diss.
702 3756 791 3824 inaug.
812 3755 870 3811 Jen.
890 3758 918 3808 et
938 3753 1061 3824 Setting.

226 3862 621 3934 131010.,100100001000001
643 3861 682 3918 ed.
702 3879 750 3916 sec.
772 3880 787 3916 a
809 3863 875 3916 1876
895 3880 919 3931 p.
940 3863 984 3917 lll.

226 3971 258 4041 ¹⁴)
277 3971 488 4026 Exercitationes
507 3970 570 4024 Sall.
591 3969 760 4038 Wirceburgi
782 3970 857 4026 1869.

226 4078 259 4147 aa)
279 4079 352 4144 Quae
371 4079 441 4132 ratio
460 4079 487 4132 in
507 4077 583 4132 libris
601 4078 770 4134 recensendis
790 4075 855 4132 Sall.
875 4079 946 4133 recta
966 4077 1087 4136 adhiberi
1108 4076 1179 4138 vide-

117 4189 188 4246 atur.
225 4187 295 4244 Diss.
314 4187 405 4256 inaug.
423 4186 484 4241 Jen.
503 4203 527 4241 a.
549 4187 625 4242 1876.
