2854 4706
625 232 666 296 21

112 466 210 530 quum
243 447 291 512 ita
329 447 408 526 sint,
435 445 588 512 'dubitari
610 447 734 529 nequit,
775 446 850 528 quin
885 447 981 511 etiam
1013 446 1073 512 hoo
1108 446 1177 514 looo

112 572 266 638 librorum
304 570 518 636 Parisinorum
556 571 618 636 PP'
656 571 795 654 preestet
840 570 995 654 scriptura
1030 570 1178 652 ‚Catilina

112 715 184 762 oum
220 695 357 763 exercitu
390 694 532 762 lancibus
565 696 669 780 urget,
708 695 764 762 ulii
801 693 887 761 intre
923 694 1046 761 moenio
1083 697 1178 780 atque

111 823 145 888 in
184 821 254 888 sinn
292 821 378 888 urbis
417 823 491 887 sunt
528 821 655 898 hostos',
695 820 728 886 io
766 820 815 886 est
853 819 910 885 alii
947 819 1033 884 intro
1071 838 1177 884 muros

111 947 200 1013 urbis
246 948 340 1028 atque
384 947 418 1011 in
463 945 567 1012 media
609 944 685 1010 urbe
724 945 797 1010 sunt
844 944 958 1011 hostes.
1030 945 1176 1012 Ceterum

110 1073 154 1139 Vi
192 1071 364 1138 auotoritas
401 1089 462 1136 non
500 1071 568 1137 tem
605 1069 747 1136 tentetur
785 1069 853 1136 looo
893 1068 947 1136 Cio
980 1069 1059 1136 l'err
1081 1069 1110 1136 V
1134 1070 1176 1134 96

111 1199 156 1279 ‚in
201 1199 305 1263 sinum
349 1195 446 1262 urbis’
494 1215 588 1280 quum
640 1194 743 1260 tribus
794 1193 872 1259 loeis
917 1193 1088 1278 Hegesippi
1125 1193 1176 1258 Ill

112 1325 143 1392 5.
172 1323 222 1392 ll.
253 1323 298 1388 lV
323 1323 351 1388 9.
379 1322 428 1390 15.
462 1321 507 1387 IV
531 1321 583 1388 21.
618 1321 648 1398 7,
686 1318 858 1384 imitatoris
889 1318 1051 1399 Sallustii,
1100 1338 1176 1403 quos

108 1465 209 1531 neque
240 1447 398 1514 Jordanus
421 1465 525 1529 ¹neque
557 1445 729 1510 Anholtius
763 1444 803 1510 ed
832 1442 1034 1510 refutandum
1064 1444 1175 1510 Wein·

109 1571 199 1636 holdi
219 1571 374 1656 judicium
397 1569 584 1638 attulerunt.

218 1750 279 1832 Qui
302 1751 429 1834 quidem
451 1750 513 1818 loei
544 1749 662 1836 singuli
689 1769 744 1834 per
767 1769 799 1816 se
823 1750 992 1817 examinati
1022 1769 1085 1816 non
1108 1751 1175 1836 ojus

109 1877 264 1943 momenti
297 1877 385 1957 sunt,
417 1877 454 1941 ut
487 1875 559 1942 iode
591 1876 712 1941 eertum
745 1876 782 1941 de
811 1875 954 1941 oodionm
984 1876 1175 1943 auctoritate

105 2001 263 2088 judicium
285 2001 432 2081 feramus,
456 1999 510 2066 sed
532 1999 615 2065 inter
638 2019 670 2066 se
693 2001 867 2083 comparati
884 2001 1056 2085 oolletiqne
1080 2021 1175 2087 argu·

108 2129 217 2194 mento
248 2127 320 2192 sunt
348 2124 581 2192 emendationes
605 2124 655 2191 vel
679 2126 784 2208 potius
808 2125 1001 2209 corruptelas
1036 2126 1110 2192 libri
1136 2125 1174 2193 Vi

109 2251 265 2336 originem
294 2251 417 2316 duxisse
452 2269 468 2316 e
496 2249 618 2316 ratione
653 2252 739 2316 certo
770 2251 864 2334 atque
904 2250 1035 2316 oonsilio
1068 2251 1173 2334 aliquo

108 2376 309 2444 scholastico.
355 2377 477 2459 ltaque,
507 2394 602 2458 quum
625 2374 716 2440 libris
739 2375 837 2442 Paris.
865 2376 927 2441 PP'
951 2376 1077 2442 eaedem
1106 2395 1174 2443 sae·

108 2501 238 2587 pissime
268 2500 419 2567 lectiones
450 2499 685 2580 contineantur,
720 2500 920 2565 statuendum
950 2502 998 2566 est
1029 2500 1062 2565 in
1095 2501 1174 2568 loeis

109 2626 215 2693 dubiis
242 2625 329 2690 nullo
354 2624 445 2690 modo
476 2624 601 2690 lucilius
628 2626 750 2690 rectum
780 2643 869 2708 posse
900 2627 1050 2692 constitui
1080 2645 1174 2710 qnam

108 2753 138 2819 si
172 2771 225 2833 ea,
265 2770 343 2834 qnae
366 2750 565 2816 tradiderunt
589 2751 650 2814 PP'
681 2749 765 2816 inter
795 2769 826 2816 se
851 2751 1073 2833 componimus.
1131 2752 1174 2818 At

108 2878 243 2944 fortasse
267 2875 336 2959 quis
359 2875 449 2941 nobis
480 2874 609 2959 objiciat
638 2874 754 2940 librum
778 2875 860 2940 llum
889 2875 934 2941 sio
957 2878 993 2941 ut
1018 2877 1068 2942 vel
1091 2878 1173 2960 opti-

108 3021 196 3069 mum
235 3020 386 3085 quemque
424 3000 563 3066 oodioem
601 2999 802 3064 librariorum
837 2999 927 3066 vitiis
963 3021 1025 3068 non
1062 3025 1174 3072 vacare

107 3147 208 3212 neque
233 3126 373 3208 oonsilio,
398 3127 451 3192 sed
475 3125 616 3190 stultitia
639 3125 797 3190 mutatum
820 3145 896 3195 esse.
951 3127 1009 3195 Cui
1038 3129 1172 3197 alterurn
1221 3113 1225 3118 ’

108 3253 255 3334 conredo,
280 3252 362 3336 quod
384 3250 550 3334 permultis
574 3249 723 3333 exemplis
747 3249 949 3318 confirmatur
972 3252 1027 3322 of.

216 3405 240 3472 O
265 3403 339 3484 52‚5
364 3403 391 3468 si
413 3401 460 3468 itu
482 3402 549 3469 Vns
573 3401 599 3468 si
622 3401 685 3468 ista
708 3401 760 3469 Po

216 3529 238 3596 J
263 3529 357 3609 110‚1
389 3546 459 3594 eore

215 3655 238 3721 J
265 3652 497 3734 numantinis
522 3691 562 3701 —
587 3655 621 3718 et
643 3651 715 3718 finis

107 3779 193 3844 Hist.
220 3797 263 3847 or.
288 3778 361 3862 Lep⁴
388 3779 430 3844 26
453 3778 579 3862 praedio
603 3813 644 3826 -
669 3778 824 3862 praesidio

216 3965 250 4014 or
273 3947 358 4014 Phil.
385 3949 401 4013 l
426 3967 523 4033 parvo
548 3985 587 3994 -
612 3967 710 4032 prava

216 4091 251 4138 or
274 4073 358 4142 Phil.
385 4074 404 4139 5
427 4073 527 4140 habeo
551 4109 591 4122 -
617 4074 657 4140 ab
681 4093 717 4141 eo

217 4217 252 4264 on
276 4198 389 4266 Cottae
414 4200 431 4265 7
458 4200 619 4284 sumptum
648 4235 683 4248 -
710 4201 902 4286 sumptuum.
