2854 4706
615 260 657 322 35

534 351 747 360 -——..—-.

104 473 163 536 aut
184 474 340 536 mu—aut
363 473 485 550 mul-‚
509 471 575 538 veri
599 471 703 537 simile
733 473 782 538 est
806 472 994 538 Sallustium
1018 473 1179 558 scripsisse

108 595 256 674 ,multum
287 596 512 680 agitabantur.
580 595 625 661 At
660 596 804 679 quamvis
824 617 861 662 ex
894 597 1042 678 ‚multum
1075 598 1180 682 agita-

107 719 232 784 bantur'
262 720 424 786 subtiliter
456 721 567 786 deceat
590 693 815 802 Klimseht25)
846 722 1008 786 contracta
1031 739 1098 786 csse
1132 739 1178 802 ea,

106 863 186 925 quae
219 845 370 930 leguntur
402 845 435 909 iu
470 844 561 910 libris
597 832 821 924 ,mutabantur’
858 846 891 910 et
928 845 1179 925 multabantur,

107 972 214 1035 tamen
237 969 430 1034 haesitamus
458 969 491 1034 in
521 969 579 1035 hec
608 970 678 1036 lece
702 970 911 1050 emendando,
952 969 1025 1052 quia
1057 970 1095 1036 de
1118 971 1179 1034 Re·

106 1093 221 1174 manis,
247 1113 325 1177 ques
347 1094 433 1174 libri,
458 1095 495 1159 ut
512 1096 765 1177 supradiximus
791 1095 926 1178 subjecti
948 1095 1017 1160 loeo
1034 1095 1181 1161 videntur

104 1218 264 1298 babuisse,
288 1237 388 1300 neque
412 1219 445 1282 in
469 1219 528 1284 hec
551 1239 649 1302 neque
674 1220 707 1285 in
730 1219 929 1301 praecedenti
953 1219 1066 1302 capitis
1089 1239 1183 1303 para*

103 1343 227 1428 grapho
252 1361 353 1408 ecrme
376 1345 434 1408 est.

216 1467 338 1546 Restat,
363 1469 408 1544 ut,
434 1487 513 1550 quae
537 1469 640 1534 adhue
663 1469 906 1553 disputavimus,
931 1469 964 1532 in
987 1487 1086 1532 nuum
1108 1486 1186 1532 een-v

106 1593 252 1674 spectum
277 1591 485 1660 conseramus.
532 1593 579 1656 Ac
602 1592 739 1675 primum
764 1593 888 1676 quidem
919 1593 1014 1678 leuge
1034 1589 1184 1674 plurimis

109 1733 187 1798 ques
215 1715 381 1780 attulimus
411 1715 489 1780 locis
518 1735 614 1798 quum
644 1737 706 1783 nen
737 1719 829 1783 mede
863 1717 1019 1800 scriptura
1043 1717 1118 1782 libri
1143 1715 1183 1782 Vi

107 1843 165 1906 aut
188 1837 274 1906 certe
298 1840 429 1906 consilio
452 1843 575 1906 mutata
599 1843 655 1907 aut
678 1841 752 1907 aliis
775 1823 813 1908 de
836 1843 940 1908 caussis
964 1843 1112 1924 corrupte
1127 1841 1180 1918 sit,

108 1967 165 2031 sed
212 1966 309 2031 etiam
355 1966 465 2050 paucis
515 1967 595 2032 loeis
646 1968 742 2034 verba
793 1968 913 2048 desint,
969 1967 1100 2050 quibus,
1146 1968 1184 2032 ut

116 2093 275 2158 sententia
297 2092 513 2178 intellegatur,
546 2112 673 2177 prorsus
697 2113 800 2160 carere
823 2113 885 2160 uon
908 2113 1082 2178 pessumus,
1114 2093 1183 2157 sta-

116 2220 203 2283 tuere
228 2199 376 2283 debemus
399 2218 428 2282 ei
451 2236 513 2282 nen
536 2219 661 2282 tantam
684 2199 778 2284 fidem
808 2239 874 2285 esse
898 2218 1112 2304 tribuendam,
1149 2219 1184 2281 ut

112 2343 147 2406 in
170 2343 313 2427 legendis
329 2341 477 2408 Sallustii
501 2342 627 2426 scriptis
652 2343 805 2426 optimum
829 2363 901 2409 eum
924 2346 957 2408 et
972 2343 1184 2409 certissimum

110 2466 192 2532 artis
222 2467 352 2532 criticae
380 2469 541 2532 auctorem
574 2468 755 2536 habeamus.
817 2467 936 2534 Deinde
960 2467 987 2532 si
1011 2467 1181 2549 quaeritur,

111 2594 205 2674 quem
236 2585 353 2657 librum
386 2592 437 2658 vel
467 2611 545 2674 ques
575 2593 605 2657 ei
628 2591 728 2657 libres
756 2611 823 2658 esse
854 2590 1086 2674 anteponendos
1110 2612 1184 2658 cen-

112 2736 254 2796 seamus,
288 2717 368 2782 hanc
401 2716 617 2799 quaestionem
648 2736 739 2782 neme
769 2716 870 2782 nescit
899 2735 960 2781 non
983 2715 1070 2798 prins
1093 2735 1183 2799 pesse

108 2841 243 2921 absolvi,
286 2861 380 2924 qnam
419 2842 604 2924 omnesqui
632 2842 755 2907 exstant
793 2840 868 2906 libri
897 2840 1084 2907 Sallustiani
1115 2843 1182 2907 tam

108 2968 256 3032 accurate
286 2986 322 3032 ac
346 2966 516 3052 diligenter·
546 2967 701 3050 explorati
732 2984 900 3049 eorumque
931 2967 1105 3049 scripturae
1135 2965 1182 3030 ita

108 3092 193 3157 inter·
216 3111 249 3157 se
272 3094 469 3175 comparatae
494 3093 568 3173 siut,
592 3094 628 3156 ut
651 3093 811 3175 appareat,
836 3092 868 3156 et
892 3091 946 3174 qui
969 3091 1045 3156 libri
1067 3093 1104 3156 ut
1127 3090 1181 3157 de-

7 3255 8 3266 1
110 3215 236 3299 pravati
269 3218 325 3281 aut
354 3218 577 3300 supervacanei
608 3217 672 3313 sint
703 3236 814 3300 parum
836 3217 1045 3299 prebaudiet
1069 3217 1182 3300 quibus

109 3342 230 3424 eptime
243 3341 386 3407 Sallust
350 3343 389 3406 tu
404 3361 515 3407 manus
531 3343 574 3407 sit
590 3343 726 3407 servata.
776 3341 844 3422 Qua
860 3361 893 3407 re
915 3341 956 3407 ad
972 3342 1031 3407 hec
1047 3343 1180 3424 tempus,

108 3467 193 3548 qued
216 3467 290 3546 scie,
320 3487 381 3532 neu
405 3467 490 3539 omui
514 3487 550 3532 ex
572 3469 661 3551 parte
685 3467 825 3550 perelect
806 3466 920 3532 alact
922 3487 975 3530 nm
1003 3468 1061 3546 est,
1091 3465 1183 3530 utin

109 3591 323 3656 controversis
354 3593 432 3657 locis
465 3592 662 3658 recensendis
696 3593 764 3675 ipsa
797 3592 951 3657 librorum
979 3591 1184 3658 multitudine

108 3715 144 3780 in
174 3735 329 3780 summam
361 3716 594 3782 dubitationem
625 3717 832 3794 adducamur·;
870 3718 964 3798 atque
988 3715 1065 3781 haec
1090 3734 1184 3780 carisa

109 3843 170 3921 est,
201 3861 256 3906 cur
286 3840 424 3924 cujusvis
449 3840 565 3925 judicii
587 3843 656 3906 tam
679 3861 766 3907 acres
793 3841 973 3907 exstiterint
997 3840 1182 3920 defensores

111 3967 148 4030 ut
170 3965 252 4030 nihil
275 3965 390 4030 certius
414 3985 480 4031 esse
504 3965 709 4049 pronuntient
733 3985 828 4049 quam
852 3966 935 4049 qued
969 3966 1185 4031 demonstrare

220 4211 253 4283 ²⁶)
272 4215 300 4268 in
319 4215 409 4270 annal.
430 4232 523 4286 gymn.
544 4214 677 4285 Salzburg
696 4233 719 4270 a.
741 4217 819 4276 1866.
