2854 4706
620 223 661 289 17

216 436 254 501 In
276 435 405 520 hujusce
428 456 494 521 cap.
518 438 536 522 ἕ
560 439 601 504 21
627 439 667 505 Vi
691 438 878 523 scripturam

218 561 299 644 ,Sed
323 583 378 647 per
393 564 467 630 deos
482 563 682 646 immortalis,
706 584 800 649 quam
817 565 855 631 ob
878 584 945 631 rem
967 563 1000 630 in
1017 563 1174 632 sententia

107 706 171 754 non
200 687 366 770 addidisti,
411 688 460 754 uti
491 689 578 774 prius
612 690 726 758 ineos
761 689 943 758 verberibus
975 689 1173 758 animadvor-

107 812 266 878 tereturl’
792 823 793 828 ’
1157 887 1160 894 ,

108 937 245 1004 retinere
262 939 393 1004 conatus
404 939 612 1006 Weinholdus
628 940 870 1025 interpretatur,
893 942 930 1006 ut
947 940 991 1022 ,in
1007 939 1173 1006 sententia’

108 1062 193 1128 nihil
215 1063 303 1130 aliud
326 1083 393 1132 csso
422 1065 484 1130 nisi
515 1085 597 1145 ,cum
620 1066 810 1133 sententiam
838 1065 967 1132 dicares'
993 1065 1172 1146 contendat,

109 1208 189 1272 quae
224 1189 390 1273 scriptura,
428 1209 523 1273 quum
559 1191 711 1276 majorem
744 1190 967 1258 difficultatem
1003 1210 1096 1274 quam
1130 1190 1174 1271 ,in

108 1313 320 1394 sententiam',
354 1314 438 1396 quod
460 1313 494 1378 in
517 1314 568 1382 Po
590 1316 649 1394 ast,
681 1315 846 1398 praebeat,
879 1335 951 1382 cum
979 1313 1119 1383 faciliore
1142 1317 1175 1382 et

108 1435 269 1505 cotidiana
291 1437 440 1521 loquendi
462 1437 562 1504 forma
589 1438 711 1506 inillis
739 1439 829 1506 libris
858 1442 984 1508 mutata
1007 1441 1059 1509 sit.
1115 1441 1176 1507 Sed

109 1561 155 1642 ,in
178 1561 366 1629 sententiam
391 1562 514 1629 addere’
539 1564 698 1630 structura
713 1565 740 1630 si
761 1584 798 1630 ea
817 1565 855 1631 de
879 1584 973 1631 causa
996 1563 1028 1630 in
1046 1565 1174 1631 dubium

109 1689 160 1754 est
184 1690 312 1769 uocata,
341 1688 413 1774 jure
436 1689 604 1770 miramur,
635 1709 690 1756 cur
712 1690 746 1756 in
768 1690 859 1756 libris
882 1691 1014 1758 uerbum
1041 1691 1177 1757 addendi

109 1831 173 1878 nou
196 1813 396 1898 conjunctum
427 1814 470 1880 sit
492 1834 563 1881 cum
596 1814 713 1895 dativo,
745 1816 827 1898 quod
851 1814 1078 1882 Sallustianum
1108 1835 1175 1881 osse

108 1939 271 2004 testantur
293 1939 354 2006 loci
378 1940 537 2023 permulti.
594 1938 683 2021 Quod
707 1940 735 2004 si
758 1941 965 2021 concedimus,
999 1960 1071 2006 oum
1094 1941 1176 2006 Her·

109 2061 258 2150 zogi0²⁰)
289 2065 501 2131 consentimus
532 2064 575 2146 ,in
604 2064 769 2131 senteutia'
802 2084 841 2131 na
869 2065 1018 2130 Latinum
1050 2066 1175 2149 quidem

109 2208 194 2269 esse;
209 2257 212 2262 ,
228 2209 300 2256 uam
332 2189 502 2256 Sallustius
536 2190 596 2256 hoc
630 2189 698 2256 loco
729 2189 781 2270 ,in'
807 2189 1069 2273 praepositionem
1104 2210 1175 2258 cum

109 2315 291 2382 accusativo
324 2314 498 2400 conjunxit,
533 2333 593 2398 quo
626 2315 816 2381 sententiam
844 2333 906 2380 uon
938 2317 975 2380 ut
1002 2315 1120 2381 laetam
1143 2318 1176 2382 et

108 2439 300 2520 absolutam,
330 2440 383 2506 sed
407 2440 444 2504 ut
466 2439 569 2505 adhuc
591 2439 750 2505 ferendam
783 2443 977 2523 proponeret.
1032 2441 1083 2506 Ita
1108 2441 1176 2507 effi-

109 2563 205 2646 citur,
229 2567 266 2631 ut
288 2565 371 2631 huuc
399 2563 504 2630 uerbis
537 2583 661 2630 sensum
690 2565 815 2631 subesse
847 2566 1006 2648 putemus:
1040 2565 1082 2646 ,in
1107 2586 1176 2632 sen-

108 2689 242 2756 tentiam
283 2689 342 2756 hoc
378 2689 504 2772 insuper
542 2688 702 2754 addidisti*
742 2689 808 2755 sivo
854 2689 887 2755 id
931 2689 1014 2772 quod
1050 2689 1176 2756 Kritzio

108 2815 231 2900 placuit
255 2834 330 2896 ,cur,
354 2815 392 2880 ut
415 2813 604 2882 senteutiam
619 2814 782 2880 meliorem
805 2815 837 2881 et
858 2814 1030 2897 pleniorem
1047 2814 1175 2894 laceres,

108 2957 174 3005 non
204 2939 375 3005 addidisti’.
431 2937 576 3006 Ceterum
607 2938 814 3004 collocatione
846 2957 967 3022 quoquo
1008 2939 1175 3005 verborum

109 3064 156 3146 ,in
179 3082 231 3130 eos
254 3063 446 3130 uerberibus'
471 3064 615 3148 suspecta
647 3063 722 3128 libri
746 3063 787 3128 Vi
815 3063 970 3146 scriptura
995 3063 1061 3148 (cfr.
1085 3083 1115 3146 p.
1140 3065 1175 3148 8)

110 3208 170 3256 uos
192 3189 339 3274 impellit,
363 3191 399 3256 ut
422 3208 501 3273 quae
523 3189 614 3255 libris
638 3188 749 3255 ceteris
781 3188 951 3254 traduntur
977 3187 1175 3271 recipiamus.

218 3316 291 3382 Jam
324 3334 420 3401 pergo
450 3315 491 3381 ad
515 3315 644 3381 Catonis
675 3313 851 3380 orationem
875 3313 898 3380 G
922 3315 1031 3395 5239,
1064 3314 1121 3380 ubi
1142 3316 1175 3381 in

108 3441 163 3506 Po
176 3441 257 3520 ,Non
280 3440 364 3506 votis
386 3459 485 3524 neque
510 3439 671 3522 suppliciis
685 3438 893 3505 muliebribus
908 3438 1027 3510 auxilia
1046 3439 1175 3504 deorum

107 3565 280 3650 parantur:
321 3543 482 3650 vigilando
523 3563 647 3650 agundo
681 3564 759 3629 bene
799 3563 991 3628 consulundo
1029 3582 1176 3648 prospera

110 3689 217 3756 omnia
247 3689 372 3757 cedunt'
406 3689 543 3775 legitur,
583 3689 616 3754 in
647 3691 694 3756 Vo
723 3690 756 3755 et
779 3689 833 3755 Po‘
881 3707 1035 3772 ,prospere
1071 3691 1175 3756 omnia

108 3816 245 3884 cedunt'.
302 3816 526 3896 Weinholdus,
559 3817 596 3881 nt
626 3835 705 3899 quaa
729 3817 776 3882 Vo
809 3814 979 3882 traduntur
1009 3793 1174 3896 sustentet,

109 3942 260 4026 exemplis
291 3941 399 4008 allatis
427 3961 527 4025 neque
558 3941 737 4008 Ciceronem
777 3960 876 4024 neque
905 3939 1091 4007 Sallustium
1131 3941 1176 4007 sio

109 4096 376 4109 ,....-.--...--.---

219 4208 252 4280 ²⁰)
272 4210 401 4268 Aduolat.
420 4211 447 4265 iu
466 4209 536 4265 huno
554 4210 649 4265 locum.
