2854 4706
630 201 672 268 23

545 295 759 306 ..--.---.--

117 421 194 500 85,3
220 421 371 502 quantum
389 419 496 504 negoti
513 420 586 498 bill
604 417 735 484 aestatis
751 418 923 483 extremum
936 416 1011 497 93,2
1029 434 1185 481 summum

119 545 236 610 montis
259 545 342 612 Hist.
367 545 398 609 H
423 546 462 610 77
488 545 550 610 diei
570 543 683 609 medio.

228 688 331 770 Quum
370 689 455 755 idem
494 688 603 754 cadere
641 686 674 750 in
713 685 799 751 locos
831 684 854 751 0
885 684 984 763 20,15
1018 683 1186 748 hortantur

119 813 266 893 051,40
305 813 525 880 circumveniri
557 815 578 881 J
610 811 708 892 saal
745 810 845 876 fateor
890 811 910 877 J
943 810 1039 889 aaut
1084 807 1184 891 parvi'

115 941 183 1024 jam
207 938 264 1003 alii
287 939 350 1004 viri
371 939 458 1005 docti
484 938 663 1019 statuerint,
692 938 737 1003 010
764 939 887 1020 praeter
911 935 1013 1002 locum
1042 934 1064 1002 J
1090 932 1186 1015 lala

119 1084 213 1148 supra
235 1065 411 1130 tractatum
434 1065 514 1130 addo

227 1242 250 1309 C
276 1243 371 1324 51,21
398 1243 469 1323 ,Sed
491 1263 545 1326 per
569 1243 642 1308 deos
666 1242 866 1323 immortalis,
892 1261 983 1324 quam
1002 1241 1041 1306 ob
1064 1259 1130 1306 rem
1154 1238 1186 1304 in

120 1369 276 1435 sententia
301 1368 347 1452 (iu
365 1369 552 1435 sententiam
570 1368 624 1438 cfr.
643 1369 748 1453 supra)
765 1387 827 1433 non
849 1367 1012 1447 addidisti,
1035 1367 1085 1430 uti
1100 1365 1187 1449 prius

118 1494 301 1560 verberibus
330 1493 363 1559 iu
386 1513 438 1560 000
466 1494 795 1572 animadverteret-ur'3
826 1495 852 1558 P
885 1492 1115 1572 adverteretur3
1149 1489 1187 1554 P'

120 1618 226 1698 ,anim'
252 1618 285 1684 in
308 1619 459 1704 margine.
507 1618 565 1685 Cui
588 1620 694 1684 tamen
722 1619 768 1684 rei
791 1637 852 1684 non
875 1617 980 1683 tribuo
1017 1615 1186 1699 quidquam

119 1746 191 1826 nisi,
217 1745 297 1828 quod
322 1745 393 1810 inde
417 1743 490 1810 aliis
514 1744 730 1828 similibusque
755 1743 875 1810 mendis
898 1741 1086 1826 comparatis
1110 1759 1187 1805 non·

1 1937 2 1942 ,
121 1869 218 1934 001110
242 1871 372 1952 apparet
396 1869 473 1934 loois
496 1887 558 1934 non
587 1869 755 1934 admodum
789 1867 958 1951 diligenter
981 1866 1187 1947 accurateque

120 1995 344 2078 archetypum,
384 2013 420 2059 ex
458 2012 518 2077 quo
557 1992 677 2076 primae
722 1992 862 2058 familiae
908 1991 983 2055 libri
1022 1989 1186 2068 fluxerunt,

120 2120 272 2202 scriptum
310 2119 416 2187 fuisse.
479 2119 587 2202 Neque
625 2135 698 2184 uero
744 2117 826 2182 hano
864 2116 902 2182 de
939 2115 1000 2180 fida
1039 2113 1113 2178 libri
1147 2113 1186 2178 Vi

1 2225 2 2290 3
121 2244 335 2328 quaestionem
367 2245 414 2309 ita
443 2263 532 2327 posse
561 2243 701 2322 absolvi,
736 2243 771 2306 ut
803 2239 1034 2306 aWeinholdo
1067 2239 1185 2303 lactum

1 2365 2 2422 l
120 2372 179 2450 est,
202 2369 274 2436 inde
292 2369 452 2450 discimus,
478 2368 560 2452 quod
582 2367 616 2432 in
633 2385 761 2432 numero
777 2366 927 2445 locorum,
953 2364 1007 2446 qui
1031 2363 1088 2428 illo
1106 2362 1187 2427 libro

123 2495 241 2580 integri
267 2495 330 2560 0101
353 2493 480 2578 proditi,
514 2493 632 2558 multos
656 2492 806 2570 collocat,
841 2510 917 2573 quos
940 2489 996 2554 alii
1019 2489 1080 2554 riri
1103 2487 1189 2552 docti

120 2618 318 2702 gravissimis
335 2619 530 2704 argumentis
546 2617 729 2701 reJeoerunt.
777 2615 895 2680 Deinde
913 2634 1008 2696 quum
1024 2614 1057 2677 iu
1078 2613 1187 2678 eadem

120 2743 344 2826 disputationis
368 2745 457 2827 parta
481 2743 557 2808 haec
581 2742 644 2807 tria
659 2742 799 2807 locorum
816 2740 1052 2805 tractandorum
1074 2757 1189 2824 genera

120 2871 289 2953 proponat,
320 2869 352 2933 in
386 2869 497 2951 quibus
528 2867 608 2932 liber
632 2868 697 2932 Vua
730 2865 781 2931 vel
814 2863 899 2928 solus
932 2863 982 2929 vel
1012 2882 1083 2928 oum
1116 2861 1189 2926 aliis

119 2993 288 3078 genuinam
318 2994 505 3076 scripturam
535 2991 693 3076 praebeat,
726 2990 778 3055 vel
805 2989 871 3054 sive
901 2989 985 3054 solus
1021 2987 1087 3052 sive
1118 3005 1189 3051 cum

0 3147 1 3154 ¹
121 3117 233 3183 ceteris
256 3117 337 3183 10100
361 3117 521 3199 exhibeat,
553 3137 624 3184 eum
655 3115 753 3182 miror
777 3134 837 3182 non
866 3115 950 3180 recte
972 3113 1127 3199 judicasse
1152 3113 1189 3180 de

1 3239 5 3353 ἱ
121 3241 199 3323 1000,
224 3242 278 3326 qui
300 3244 349 3308 001
373 3243 394 3309 J
421 3245 503 3309 lua.

229 3422 322 3503 ,Nam
346 3423 382 3488 ut
405 3423 469 3490 alia
491 3442 606 3508 magna
636 3425 669 3488 et
700 3423 828 3508 egregia
855 3423 912 3488 100
944 3423 1101 3498 omittam,
1134 3438 1190 3486 no·

3 3577 4 3584 0
121 3549 258 3615 vissume
281 3547 404 3654 rediens
416 3547 590 3614 Numantia
613 3567 724 3630 meque
748 3565 941 3632 regnumque
957 3565 1063 3612 meum
1085 3545 1191 3631 gloria

121 3673 318 3740 honoravisti
355 3675 471 3756 tuaque
510 3674 627 3738 virtute
673 3672 763 3738 nobis
800 3673 960 3738 Romanos
1005 3690 1040 3736 ex
1079 3667 1191 3735 amicis

122 3799 330 3866 amicissimos
353 3798 478 3867 fecisti.
525 3799 576 3864 lta
598 3798 675 3864 haec
699 3798 794 3864 verba
816 3797 849 3864 in
874 3797 1017 3864 omnibus
1044 3798 1076 3862 01
1099 3794 1191 3860 libris

122 3925 154 3990 et
177 3924 368 3990 editionibus
391 3924 549 4009 leguntur,
574 3923 637 3988 uisi
653 3923 735 4006 quod
748 3925 815 3990 Vus
839 3922 1030 4004 ‚oneravisti'
1055 3919 1191 3986 exhibet.

124 4048 171 4116 Ac
194 4049 332 4132 primum
355 4049 490 4132 quidem,
515 4069 610 4132 quum
625 4049 716 4116 illam
739 4049 800 4114 0101
824 4049 907 4114 docti
929 4043 1191 4129 praestantiorem

7 4173 11 4191 ‘¹
122 4193 188 4241 0000
213 4175 400 4259 scripturam
423 4175 570 4242 arbitrati
593 4176 643 4241 his
665 4175 815 4258 exemplis
837 4173 1016 4239 firmassent
1025 4207 1029 4214 0-
