2854 4706
618 180 747 282 so¹

103 419 253 483 prospere
277 397 421 468 euenire'.
468 397 553 479 Quae
577 419 671 483 quum
696 373 744 464 ita
768 397 841 492 sint,
877 395 987 462 dativo
1018 393 1175 462 commodi

105 525 161 608 qui
191 527 323 591 vocatur
352 525 384 590 in
414 525 473 590 bac
501 526 662 590 structura
688 545 724 591 ex
747 524 842 592 verbo
876 522 1026 607 pendenti
1050 522 1174 588 omnino
1259 558 1261 564 s

104 668 213 715 carere
236 669 297 714 non
322 669 494 734 possumus.
542 650 650 717 Testes
674 650 748 715 sunt
771 647 833 714 loci

216 778 239 845 O
264 779 339 860 27,3
363 777 464 844 multa
486 776 623 862 agitanti
646 775 727 840 nihil
750 773 892 858 procedit

215 904 236 970 J
260 905 335 984 65,5
358 903 405 968 ita
427 903 529 968 Mario
553 903 665 968 cuncta
689 900 854 985 procedere

214 1029 282 1097 Liv.
308 1029 337 1093 ll
363 1028 436 1109 lar
463 1027 552 1094 velut
574 1027 776 1112 processisset
799 1025 851 1110 Sp.
875 1024 996 1092 Licinio

216 1153 282 1223 Lis.
294 1155 403 1219 XXIV
416 1155 508 1236 aot:
525 1152 784 1220 siAndranodoro
797 1151 928 1218 consilia
940 1149 1173 1235 processissent.

215 1278 312 1344 Initio
337 1279 488 1346 orationis
511 1299 584 1345 suae
597 1278 716 1344 Marius
733 1277 933 1361 conqueritur
949 1297 990 1356 se,
1015 1277 1174 1343 hominem

104 1425 241 1483 novum,
278 1405 435 1472 contemni
463 1406 591 1488 propter
624 1404 777 1470 virtutem
811 1402 1028 1484 anobilibus,
1061 1403 1114 1488 qui
1138 1422 1174 1469 ox

104 1533 212 1598 vetere
228 1529 395 1598 nobilitate
412 1531 444 1596 et
460 1530 613 1614 majorum
637 1529 730 1596 rebus
745 1528 845 1614 gostis
867 1548 1014 1614 magnam
1038 1527 1173 1613 gloriam

105 1659 201 1739 utque
224 1657 373 1721 honorem
398 1655 458 1720 sibi
480 1656 718 1740 arrogaverunt.
773 1653 857 1735 Quas
881 1653 1088 1722 contumelias
1112 1653 1173 1720 sibi

104 1782 213 1848 illatas
240 1783 276 1847 nt
307 1781 435 1865 respuat
468 1800 636 1865 corumque
667 1781 842 1865 superbiam
874 1781 1010 1866 castiget
1032 1780 1065 1846 in
1089 1781 1107 1864 ἓ
1134 1781 1172 1844 li

107 1907 246 1988 ‚Quodsi
272 1907 386 1990 inquit,
406 1908 477 1992 jure
492 1927 542 1973 me
558 1907 744 1990 despiciunt,
766 1908 887 1973 faciunt
902 1907 986 1972 idem
1001 1903 1174 1990 majoribus

106 2033 181 2112 suis,
206 2032 330 2116 quibus,
354 2033 402 2098 uti
425 2031 515 2114 mihi,
542 2052 577 2098 ex
601 2033 721 2100 virtuto
744 2027 898 2098 nobilitas
918 2033 1042 2116 coepit'.

212 2159 264 2224 lta
286 2157 405 2244 legitur
428 2157 461 2222 in
483 2157 551 2234 1³03
580 2157 614 2221 in
638 2157 691 2224 VO
715 2158 868 2240 ,laciant’;
901 2157 934 2222 in
967 2156 1173 2224 deterioribus

105 2285 196 2350 libris
220 2282 367 2364 ,facient’.
416 2283 658 2368 Conjunctirum
684 2282 822 2364 ,faciant'
847 2285 883 2350 ut
906 2285 1094 2364 sustentent,
1119 2282 1172 2367 qni

107 2410 148 2476 Vi
173 2400 395 2476 anctoritatem
419 2410 600 2493 sequuntur,
625 2410 818 2476 contendunt
831 2409 968 2475 Marium
984 2409 1109 2492 quidem
1133 2409 1174 2474 ab

105 2536 171 2600 illis
203 2535 384 2618 despectum
415 2555 497 2616 esse,
531 2555 629 2619 neque
662 2555 736 2601 vero
769 2535 903 2621 cogitari
933 2554 1022 2620 posse
1047 2536 1171 2601 eosdem

105 2660 244 2745 ipsorum
267 2662 401 2744 majores
414 2662 600 2746 despexisse,
624 2661 658 2727 id
682 2661 765 2744 quod
780 2661 952 2728 indicativo
969 2661 1171 2746 exprimatur.

106 2785 237 2853 Minime
261 2788 366 2852 antem
390 2787 520 2868 illarius,
551 2789 588 2852 ut
611 2806 643 2852 se
667 2787 706 2853 ab
731 2785 785 2867 eis,
816 2805 894 2870 quae
918 2805 937 2852 a
959 2786 1120 2852 nobilibus
1142 2785 1172 2852 ei

108 2910 345 2995 objiciebantur,
370 2911 559 2994 defenderet,
585 2911 784 2996 conjunctivo
808 2911 856 2977 uti
879 2911 994 2996 potuit,
1026 2930 1086 2996 quo
1110 2930 1171 2978 nou

107 3036 208 3102 solmn
231 3037 388 3103 devertis
411 3037 475 3102 suis
492 3039 685 3123 gravitatem
708 3057 745 3104 ac
761 3039 962 3104 severitatem
975 3038 1171 3116 detraxisset,

108 3163 159 3228 sed
183 3181 221 3230 ne
243 3181 280 3229 ea
303 3162 429 3246 quidem
453 3163 594 3230 elocutus
618 3165 709 3241 esset,
735 3183 813 3247 quae
836 3163 868 3229 in
892 3165 997 3230 animo
1024 3164 1170 3232 habebat.

108 3287 143 3351 ld
169 3287 250 3353 enim
274 3287 328 3353 ille
352 3289 433 3374 egit,
468 3288 538 3372 qui,
572 3309 665 3372 quam
697 3289 804 3356 infesti
828 3289 888 3355 sibi
913 3290 1034 3358 nobiles
1057 3291 1171 3371 essent,

108 3431 168 3478 non
192 3411 362 3498 ignoravit,
387 3416 423 3478 ut
439 3414 553 3498 populo
568 3415 778 3498 persuaderet,
804 3435 898 3499 qnam
915 3435 995 3483 vano
1011 3416 1171 3500 stulteque

108 3538 210 3604 studio
226 3538 399 3605 adversarii
416 3537 476 3604 sibi
493 3540 717 3617 obtrectarent,
735 3561 828 3625 quum
847 3561 953 3608 eorum
969 3540 1170 3608 nobilitatem

107 3682 161 3728 sua
190 3663 291 3728 virtus
323 3665 518 3747 exaequaret.
576 3666 686 3748 ltaque
717 3666 799 3748 qnod
827 3667 888 3732 sibi
908 3667 959 3733 ab
994 3667 1061 3732 illis
1090 3666 1170 3732 uitio

108 3788 214 3854 datum
247 3790 305 3869 est,
338 3790 377 3854 ad
412 3790 539 3856 illorum
562 3791 696 3876 majores
720 3793 832 3874 refert,
856 3793 909 3876 qui
940 3795 1049 3860 eodem
1077 3793 1169 3860 modo

108 3913 306 3980 nobilitatem
330 3915 437 3998 adepti
460 3915 524 3981 sint
547 3917 642 4000 atque
664 3917 740 4000 ipse.
793 3919 866 3984 Non
896 3918 996 4004 igitur
1019 3919 1078 3986 hoc
1101 3919 1170 3986 loco

109 4037 325 4105 adhortatione
347 4039 380 4104 in
406 4040 543 4121 ,faciant'
569 4041 768 4126 conjunctivo
792 4043 895 4126 posita
918 4063 995 4128 opus
1018 4046 1081 4125 est,
1115 4044 1168 4110 sed

109 4163 231 4228 illorum
267 4166 421 4250 majorum
456 4169 670 4250 contemptum
708 4187 779 4233 curn
800 4169 868 4236 'suo
897 4171 963 4236 tam
996 4170 1170 4238 necessario
