2854 4706
783 206 826 271 20

272 419 504 504 comprehensis
527 420 554 486 si
577 420 610 485 in
634 422 745 487 senatu
767 421 875 488 hostes
898 417 1035 486 assidere
1051 417 1190 497 dixisset,
1216 417 1335 484 obstre-

271 544 413 628 pentium
437 544 576 612 tumultu
592 545 753 628 perculsus
768 545 874 614 fuerit.
921 543 1027 628 Atque
1048 544 1085 608 nt
1108 543 1146 608 de
1170 541 1335 608 refutanda

270 669 397 737 Linkeri
429 671 609 754 conjectura
644 670 774 736 minimo
811 670 850 736 ab
879 669 1018 737 Jordano
1047 666 1195 734 dissentit
1225 664 1334 732 Wein-

270 795 394 875 holdus,
431 794 477 860 ita
507 794 546 861 ‹le
576 793 678 861 altera
710 794 868 861 enuntiati
900 795 990 878 parte
1021 811 1128 860 eorum
1160 789 1334 857 sententiae

269 920 407 986 multum
444 920 528 986 inter
570 939 602 986 se
645 920 774 987 distant.
836 921 896 987 Ille
927 920 1010 987 enim
1040 919 1074 984 in
1097 918 1138 986 lli
1179 920 1334 1004 scriptura

269 1045 439 1129 vituperat,
464 1045 546 1128 quod
570 1045 603 1110 in
627 1045 731 1112 verbis
754 1045 820 1125 ,alii
843 1045 928 1110 intra
950 1043 1074 1110 moenia
1089 1045 1184 1127 atque
1207 1044 1240 1109 in
1264 1043 1332 1110 sinu

268 1170 341 1236 sunt
363 1169 479 1236 hostes’
502 1188 562 1236 vox
586 1168 693 1250 ,urbis'
719 1169 939 1236 intercidisset.
1001 1169 1084 1234 Nam
1108 1169 1164 1234 aut
1187 1167 1333 1252 supplen-

267 1293 342 1362 dum
367 1313 433 1361 esse
456 1293 489 1359 in
513 1294 583 1360 sinu
616 1294 794 1375 ,moenium'
820 1295 903 1378 quod
933 1293 1079 1379 intellegi
1112 1293 1238 1360 omnino
1271 1312 1332 1358 non

266 1421 380 1504 posset,
405 1420 460 1485 aut
484 1419 528 1500 ,in
551 1419 630 1484 sinu'
656 1419 752 1486 verba
774 1437 829 1503 per
846 1438 879 1486 se
896 1418 963 1484 sola
979 1419 1025 1485 ita
1048 1437 1116 1485 csse
1139 1417 1330 1501 explicanda,

266 1545 303 1611 ut
327 1546 520 1611 verteremus
544 1544 588 1610 inr
613 1545 743 1631 eigenen
759 1546 879 1624 Busen;
902 1545 1032 1610 minime
1054 1545 1160 1610 autem
1181 1543 1331 1610 Sallustio

265 1670 397 1737 eandem
431 1669 556 1737 dicendi
579 1670 742 1737 licentiam
765 1670 880 1752 fuisse,
919 1690 979 1755 qua
1011 1669 1060 1736 usi
1083 1671 1193 1754 poetae
1227 1668 1330 1752 ,inque

266 1793 335 1860 sinu
359 1794 488 1880 bellnm'
514 1795 565 1862 vel
583 1797 765 1874 ,nascuntur
787 1795 903 1880 inipso
920 1795 1004 1862 bella
1021 1795 1099 1861 sinn'
1121 1794 1329 1879 scripsissent.

372 1965 440 2046 Qua
478 1964 511 2030 in
548 1965 761 2048 disputatione
805 1967 978 2048 Jordanus,
1018 1986 1207 2050 quamquem
1245 1966 1330 2033 recte

266 2090 373 2171 ,urbis'
399 2110 508 2158 vocem
530 2091 663 2174 requirit
687 2093 745 2159 hoc
769 2092 848 2173 ioco,
883 2092 915 2158 in
938 2112 1076 2160 errorem
1102 2092 1229 2159 videtur
1251 2091 1330 2157 inci·

265 2215 358 2297 disse,
384 2236 480 2300 quum
514 2216 557 2298 ,in
581 2217 661 2283 sinu'
696 2217 800 2284 verbis
831 2237 971 2284 seorsum
1003 2219 1042 2284 ab
1077 2216 1173 2297 ,iutra
1195 2217 1328 2284 moenia'

264 2341 450 2408 examinatis
463 2361 532 2408 eam
546 2361 612 2408 esse
624 2343 830 2409 necessariam
846 2343 991 2424 affirmet,
1006 2363 1084 2427 quae
1096 2343 1220 2428 quidem
1235 2344 1328 2409 verba

264 2466 331 2531 tam
355 2467 422 2532 arte
446 2466 529 2532 inter
545 2485 576 2533 se
599 2467 776 2549 cohaerent,
800 2469 837 2533 ut
849 2469 985 2534 alterum
1003 2468 1042 2534 ab
1055 2468 1156 2534 altero
1169 2465 1329 2533 divulsum

263 2575 465 2674 interpretari
488 2610 549 2657 non
566 2592 731 2675 possimus.
778 2595 886 2677 Neque
902 2595 1084 2662 Weinholdi
1100 2595 1259 2662 sententia
1281 2597 1329 2661 est

261 2713 438 2796 probanda,
475 2716 529 2798 qui
553 2716 703 2800 exemplis
724 2737 740 2784 e
764 2719 899 2804 Vergilii
923 2721 1062 2787 Vitruvii
1085 2721 1173 2787 Flori
1202 2719 1328 2804 scriptis

266 2837 459 2922 depromptis
483 2839 579 2919 ,intra
601 2841 734 2908 moenia’
760 2843 864 2910 verbis
887 2845 1046 2912 notionem
1062 2846 1149 2912 urbis
1164 2845 1326 2923 attribuit;

261 2981 334 3028 num
351 2962 409 3030 lroe
426 2965 453 3029 si
469 2966 554 3032 recte
570 2966 743 3049 statuisset,
767 2988 860 3054 aegre
883 2969 1093 3057 intellegeres,
1118 2991 1212 3055 quare
1234 2970 1327 3038 verba

184 3133 186 3138 ,
261 3085 458 3172 insequentia
482 3087 524 3170 ,in
548 3089 628 3156 sinu'
653 3095 758 3160 essent
781 3094 935 3178 apposita.

366 3241 495 3321 Restat,
526 3243 563 3307 ut
588 3243 684 3323 ,intra
706 3245 839 3312 moenia’
864 3248 973 3314 eodem
1006 3267 1097 3313 sensu
1120 3248 1261 3331 positum
1284 3251 1326 3315 sit
1405 3235 1406 3249 ¹

262 3384 323 3448 quo
349 3367 444 3447 ,intra
465 3369 594 3447 muros’,
619 3370 700 3450 quod
724 3369 823 3454 ipsius
839 3371 968 3439 Catonis
991 3373 1087 3440 uerba
1111 3376 1272 3441 testantur
1294 3375 1325 3440 in

259 3490 388 3574 hujusce
412 3511 477 3576 cap.
503 3491 524 3576 ἕ
549 3493 590 3556 22

364 3663 420 3711 vos
459 3643 654 3711 cunctamini
692 3647 788 3714 etiam
828 3668 924 3732 nuno,
970 3650 1045 3734 quid
1083 3651 1168 3718 intra
1201 3653 1325 3719 moenia

256 3770 457 3853 apprehensis
480 3773 623 3843 hostibus
646 3775 796 3843 faciatis?

364 3923 476 3991 Totius
514 3929 621 3994 autern
661 3930 835 3996 sententiae
878 3930 1070 4016 gravitatem
1107 3933 1144 3998 ut
1182 3935 1323 4018 augeret,

256 4045 427 4116 Sallustius
462 4052 586 4118 addidit
616 4053 666 4119 his
697 4055 801 4122 verbis
833 4057 938 4141 ,atque
967 4057 1001 4122 in
1024 4058 1094 4123 sinu
1122 4059 1229 4139 urbis’,
1271 4059 1323 4144 qui

255 4173 416 4254 genitivus
449 4178 482 4242 et
514 4178 553 4244 ad
586 4181 710 4247 moenia
741 4181 773 4246 et
804 4182 843 4247 ad
874 4182 917 4263 ,in
941 4182 1020 4250 sinu’
1044 4185 1130 4266 spect
1151 4185 1176 4254 t.
1236 4183 1325 4265 Quae
