<?xml version="1.0" encoding="UTF-8"?>
<!DOCTYPE html PUBLIC "-//W3C//DTD XHTML 1.0 Transitional//EN"
    "http://www.w3.org/TR/xhtml1/DTD/xhtml1-transitional.dtd">
<html xmlns="http://www.w3.org/1999/xhtml" xml:lang="en" lang="en">
 <head>
  <title>
</title>
<meta http-equiv="Content-Type" content="text/html;charset=utf-8" />
  <meta name='ocr-system' content='tesseract 3.04.00' />
  <meta name='ocr-capabilities' content='ocr_page ocr_carea ocr_par ocr_line ocrx_word'/>
</head>
<body>
  <div class='ocr_page' id='page_1' title='image "./desallustiilibr00waecgoog_0010.png"; bbox 0 0 2854 4706; ppageno 0'>
   <div class='ocr_carea' id='block_1_1' title="bbox 140 1105 1155 1407">
    <p class='ocr_par' dir='ltr' id='par_1_1' title="bbox 140 1051 1155 1407">
     <span class='ocr_line' id='line_1_1' title="bbox 140 1105 1155 1246; baseline 0.002 -18"><span class='ocrx_word' id='word_1_1' title='bbox 140 1107 215 1228; x_wconf 72' lang='lat' dir='ltr'>ue</span> <span class='ocrx_word' id='word_1_2' title='bbox 254 1105 500 1228; x_wconf 70' lang='lat' dir='ltr'>sanun</span> <span class='ocrx_word' id='word_1_3' title='bbox 536 1106 674 1228; x_wconf 76' lang='lat' dir='ltr'>uun</span> <span class='ocrx_word' id='word_1_4' title='bbox 712 1105 977 1246; x_wconf 77' lang='lat' dir='ltr'>Vaticano</span> <span class='ocrx_word' id='word_1_5' title='bbox 1015 1107 1155 1230; x_wconf 81' lang='lat' dir='ltr'>socr</span> 
     </span>
     <span class='ocr_line' id='line_1_2' title="bbox 472 1285 814 1407; baseline 0.006 -3"><span class='ocrx_word' id='word_1_6' title='bbox 472 1285 814 1407; x_wconf 85' lang='lat' dir='ltr'>recensendo.</span> 
     </span>
    </p>
   </div>
   <div class='ocr_carea' id='block_1_2' title="bbox 51 1545 1257 4162">
    <p class='ocr_par' dir='ltr' id='par_1_2' title="bbox 109 1545 1180 2774">
     <span class='ocr_line' id='line_1_3' title="bbox 218 1545 1177 1649; baseline 0.001 -19"><span class='ocrx_word' id='word_1_7' title='bbox 218 1545 287 1630; x_wconf 72' lang='lat' dir='ltr'>Gai</span> <span class='ocrx_word' id='word_1_8' title='bbox 300 1563 445 1630; x_wconf 76' lang='lat' dir='ltr'><strong>Sallustii</strong></span> <span class='ocrx_word' id='word_1_9' title='bbox 458 1562 561 1648; x_wconf 78' lang='lat' dir='ltr'>Crispi</span> <span class='ocrx_word' id='word_1_10' title='bbox 578 1565 695 1648; x_wconf 85' lang='lat' dir='ltr'>scripta</span> <span class='ocrx_word' id='word_1_11' title='bbox 719 1585 814 1648; x_wconf 92' lang='lat' dir='ltr'>quum</span> <span class='ocrx_word' id='word_1_12' title='bbox 835 1585 932 1649; x_wconf 93' lang='lat' dir='ltr'>usque</span> <span class='ocrx_word' id='word_1_13' title='bbox 949 1567 988 1632; x_wconf 87' lang='lat' dir='ltr'>ad</span> <span class='ocrx_word' id='word_1_14' title='bbox 1004 1567 1177 1633; x_wconf 85' lang='lat' dir='ltr'>extremum</span> 
     </span>
     <span class='ocr_line' id='line_1_4' title="bbox 110 1687 1177 1774; baseline 0.003 -20"><span class='ocrx_word' id='word_1_15' title='bbox 110 1690 251 1756; x_wconf 85' lang='lat' dir='ltr'>medium</span> <span class='ocrx_word' id='word_1_16' title='bbox 268 1707 377 1754; x_wconf 88' lang='lat' dir='ltr'>aevum</span> <span class='ocrx_word' id='word_1_17' title='bbox 396 1687 575 1771; x_wconf 81' lang='lat' dir='ltr'>frequenter</span> <span class='ocrx_word' id='word_1_18' title='bbox 591 1689 738 1756; x_wconf 87' lang='lat' dir='ltr'>lectitata</span> <span class='ocrx_word' id='word_1_19' title='bbox 754 1692 893 1756; x_wconf 84' lang='lat' dir='ltr'>tractata</span> <span class='ocrx_word' id='word_1_20' title='bbox 908 1691 1052 1774; x_wconf 83' lang='lat' dir='ltr'>excerpta</span> <span class='ocrx_word' id='word_1_21' title='bbox 1064 1694 1177 1772; x_wconf 82' lang='lat' dir='ltr'>essent,</span> 
     </span>
     <span class='ocr_line' id='line_1_5' title="bbox 109 1814 1177 1900; baseline 0.002 -20"><span class='ocrx_word' id='word_1_22' title='bbox 109 1815 229 1881; x_wconf 88' lang='lat' dir='ltr'>factum</span> <span class='ocrx_word' id='word_1_23' title='bbox 252 1816 310 1895; x_wconf 78' lang='lat' dir='ltr'>est,</span> <span class='ocrx_word' id='word_1_24' title='bbox 334 1816 371 1879; x_wconf 87' lang='lat' dir='ltr'>ut</span> <span class='ocrx_word' id='word_1_25' title='bbox 394 1814 468 1879; x_wconf 88' lang='lat' dir='ltr'>libri</span> <span class='ocrx_word' id='word_1_26' title='bbox 491 1815 725 1899; x_wconf 81' lang='lat' dir='ltr'>manuscripti,</span> <span class='ocrx_word' id='word_1_27' title='bbox 750 1815 863 1900; x_wconf 91' lang='lat' dir='ltr'>quibus</span> <span class='ocrx_word' id='word_1_28' title='bbox 886 1815 943 1882; x_wconf 88' lang='lat' dir='ltr'>illa</span> <span class='ocrx_word' id='word_1_29' title='bbox 966 1817 1177 1898; x_wconf 82' lang='lat' dir='ltr'>continentur,</span> 
     </span>
     <span class='ocr_line' id='line_1_6' title="bbox 111 1939 1178 2025; baseline 0.001 -18"><span class='ocrx_word' id='word_1_30' title='bbox 111 1941 260 2024; x_wconf 87' lang='lat' dir='ltr'>cujusque</span> <span class='ocrx_word' id='word_1_31' title='bbox 283 1939 406 2024; x_wconf 84' lang='lat' dir='ltr'>generis</span> <span class='ocrx_word' id='word_1_32' title='bbox 429 1958 490 2004; x_wconf 90' lang='lat' dir='ltr'>uon</span> <span class='ocrx_word' id='word_1_33' title='bbox 515 1939 607 2005; x_wconf 87' lang='lat' dir='ltr'>modo</span> <span class='ocrx_word' id='word_1_34' title='bbox 631 1940 760 2016; x_wconf 85' lang='lat' dir='ltr'>erratis,</span> <span class='ocrx_word' id='word_1_35' title='bbox 793 1941 847 2007; x_wconf 91' lang='lat' dir='ltr'>sed</span> <span class='ocrx_word' id='word_1_36' title='bbox 871 1941 968 2006; x_wconf 87' lang='lat' dir='ltr'>otiam</span> <span class='ocrx_word' id='word_1_37' title='bbox 992 1942 1178 2025; x_wconf 77' lang='lat' dir='ltr'>corruptelis</span> 
     </span>
     <span class='ocr_line' id='line_1_7' title="bbox 111 2063 1177 2149; baseline 0.003 -20"><span class='ocrx_word' id='word_1_38' title='bbox 111 2063 294 2146; x_wconf 83' lang='lat' dir='ltr'>lacunisque</span> <span class='ocrx_word' id='word_1_39' title='bbox 318 2063 426 2129; x_wconf 85' lang='lat' dir='ltr'>referti</span> <span class='ocrx_word' id='word_1_40' title='bbox 450 2063 524 2144; x_wconf 80' lang='lat' dir='ltr'>sint,</span> <span class='ocrx_word' id='word_1_41' title='bbox 549 2083 609 2146; x_wconf 92' lang='lat' dir='ltr'>quo</span> <span class='ocrx_word' id='word_1_42' title='bbox 625 2065 756 2146; x_wconf 80' lang='lat' dir='ltr'>accedit,</span> <span class='ocrx_word' id='word_1_43' title='bbox 781 2066 863 2148; x_wconf 89' lang='lat' dir='ltr'>quod</span> <span class='ocrx_word' id='word_1_44' title='bbox 879 2065 940 2149; x_wconf 93' lang='lat' dir='ltr'>ipsi</span> <span class='ocrx_word' id='word_1_45' title='bbox 956 2065 1077 2132; x_wconf 86' lang='lat' dir='ltr'>codices</span> <span class='ocrx_word' id='word_1_46' title='bbox 1092 2067 1177 2132; x_wconf 87' lang='lat' dir='ltr'>haud</span> 
     </span>
     <span class='ocr_line' id='line_1_8' title="bbox 110 2188 1178 2274; baseline 0.003 -21"><span class='ocrx_word' id='word_1_47' title='bbox 110 2208 182 2255; x_wconf 93' lang='lat' dir='ltr'>raro</span> <span class='ocrx_word' id='word_1_48' title='bbox 206 2189 343 2254; x_wconf 91' lang='lat' dir='ltr'>multum</span> <span class='ocrx_word' id='word_1_49' title='bbox 365 2188 448 2254; x_wconf 89' lang='lat' dir='ltr'>iuter</span> <span class='ocrx_word' id='word_1_50' title='bbox 471 2208 503 2254; x_wconf 88' lang='lat' dir='ltr'>so</span> <span class='ocrx_word' id='word_1_51' title='bbox 528 2189 715 2272; x_wconf 88' lang='lat' dir='ltr'>discrepant.</span> <span class='ocrx_word' id='word_1_52' title='bbox 763 2190 832 2255; x_wconf 86' lang='lat' dir='ltr'>Hac</span> <span class='ocrx_word' id='word_1_53' title='bbox 853 2191 946 2255; x_wconf 86' lang='lat' dir='ltr'>tauta</span> <span class='ocrx_word' id='word_1_54' title='bbox 967 2190 1178 2274; x_wconf 74' lang='lat' dir='ltr'>discrepantia</span> 
     </span>
     <span class='ocr_line' id='line_1_9' title="bbox 116 2315 1180 2399; baseline 0.002 -19"><span class='ocrx_word' id='word_1_55' title='bbox 116 2315 265 2380; x_wconf 89' lang='lat' dir='ltr'>commoti</span> <span class='ocrx_word' id='word_1_56' title='bbox 310 2333 498 2397; x_wconf 84' lang='lat' dir='ltr'>quamquam</span> <span class='ocrx_word' id='word_1_57' title='bbox 533 2315 682 2397; x_wconf 74' lang='lat' dir='ltr'>permulti</span> <span class='ocrx_word' id='word_1_58' title='bbox 731 2315 798 2399; x_wconf 93' lang='lat' dir='ltr'>jam</span> <span class='ocrx_word' id='word_1_59' title='bbox 846 2315 907 2381; x_wconf 88' lang='lat' dir='ltr'>viri</span> <span class='ocrx_word' id='word_1_60' title='bbox 951 2316 1036 2382; x_wconf 87' lang='lat' dir='ltr'>docti</span> <span class='ocrx_word' id='word_1_61' title='bbox 1081 2316 1180 2383; x_wconf 92' lang='lat' dir='ltr'>libros</span> 
     </span>
     <span class='ocr_line' id='line_1_10' title="bbox 113 2439 1178 2526; baseline 0.003 -22"><span class='ocrx_word' id='word_1_62' title='bbox 113 2439 258 2505; x_wconf 76' lang='lat' dir='ltr'>Sallustii</span> <span class='ocrx_word' id='word_1_63' title='bbox 281 2439 556 2520; x_wconf 83' lang='lat' dir='ltr'>examinaverunt,</span> <span class='ocrx_word' id='word_1_64' title='bbox 590 2441 683 2505; x_wconf 87' lang='lat' dir='ltr'>utet</span> <span class='ocrx_word' id='word_1_65' title='bbox 707 2439 825 2523; x_wconf 87' lang='lat' dir='ltr'>quanta</span> <span class='ocrx_word' id='word_1_66' title='bbox 849 2441 982 2526; x_wconf 87' lang='lat' dir='ltr'>singulis</span> <span class='ocrx_word' id='word_1_67' title='bbox 1005 2442 1178 2508; x_wconf 86' lang='lat' dir='ltr'>auctoritas</span> 
     </span>
     <span class='ocr_line' id='line_1_11' title="bbox 112 2563 1179 2647; baseline 0.005 -20"><span class='ocrx_word' id='word_1_68' title='bbox 112 2563 155 2628; x_wconf 89' lang='lat' dir='ltr'>sit</span> <span class='ocrx_word' id='word_1_69' title='bbox 191 2564 358 2630; x_wconf 89' lang='lat' dir='ltr'>tribuenda</span> <span class='ocrx_word' id='word_1_70' title='bbox 388 2566 421 2629; x_wconf 89' lang='lat' dir='ltr'>et</span> <span class='ocrx_word' id='word_1_71' title='bbox 453 2565 505 2646; x_wconf 92' lang='lat' dir='ltr'>qui</span> <span class='ocrx_word' id='word_1_72' title='bbox 536 2583 572 2629; x_wconf 83' lang='lat' dir='ltr'>ex</span> <span class='ocrx_word' id='word_1_73' title='bbox 604 2565 717 2647; x_wconf 92' lang='lat' dir='ltr'>quibus</span> <span class='ocrx_word' id='word_1_74' title='bbox 756 2564 891 2631; x_wconf 86' lang='lat' dir='ltr'>derivati</span> <span class='ocrx_word' id='word_1_75' title='bbox 935 2565 999 2630; x_wconf 91' lang='lat' dir='ltr'>sint</span> <span class='ocrx_word' id='word_1_76' title='bbox 1034 2567 1179 2633; x_wconf 85' lang='lat' dir='ltr'>accurate</span> 
     </span>
     <span class='ocr_line' id='line_1_12' title="bbox 112 2678 1180 2774; baseline 0 -18"><span class='ocrx_word' id='word_1_77' title='bbox 112 2691 360 2774; x_wconf 84' lang='lat' dir='ltr'>cognosceretur,</span> <span class='ocrx_word' id='word_1_78' title='bbox 385 2691 490 2755; x_wconf 88' lang='lat' dir='ltr'>tamen</span> <span class='ocrx_word' id='word_1_79' title='bbox 512 2678 665 2773; x_wconf 88' lang='lat' dir='ltr'>usquead</span> <span class='ocrx_word' id='word_1_80' title='bbox 689 2690 748 2755; x_wconf 89' lang='lat' dir='ltr'>hoc</span> <span class='ocrx_word' id='word_1_81' title='bbox 764 2691 888 2773; x_wconf 92' lang='lat' dir='ltr'>tempus</span> <span class='ocrx_word' id='word_1_82' title='bbox 904 2691 961 2756; x_wconf 92' lang='lat' dir='ltr'>has</span> <span class='ocrx_word' id='word_1_83' title='bbox 981 2689 1180 2774; x_wconf 87' lang='lat' dir='ltr'>quaestiones</span> 
     </span>
    </p>

    <p class='ocr_par' dir='ltr' id='par_1_3' title="bbox 51 2814 1257 3775">
     <span class='ocr_line' id='line_1_13' title="bbox 51 2814 1178 2898; baseline 0.004 -19"><span class='ocrx_word' id='word_1_84' title='bbox 51 2865 53 2868; x_wconf 81' lang='lat'>.</span> <span class='ocrx_word' id='word_1_85' title='bbox 112 2816 150 2880; x_wconf 91' lang='lat' dir='ltr'>de</span> <span class='ocrx_word' id='word_1_86' title='bbox 180 2814 375 2898; x_wconf 81' lang='lat' dir='ltr'>singulorum</span> <span class='ocrx_word' id='word_1_87' title='bbox 411 2814 553 2880; x_wconf 90' lang='lat' dir='ltr'>codicum</span> <span class='ocrx_word' id='word_1_88' title='bbox 593 2815 653 2881; x_wconf 91' lang='lat' dir='ltr'>fide</span> <span class='ocrx_word' id='word_1_89' title='bbox 691 2815 856 2881; x_wconf 87' lang='lat' dir='ltr'>institutas</span> <span class='ocrx_word' id='word_1_90' title='bbox 894 2834 955 2880; x_wconf 89' lang='lat' dir='ltr'>nou</span> <span class='ocrx_word' id='word_1_91' title='bbox 989 2816 1081 2898; x_wconf 86' lang='lat' dir='ltr'>plane</span> <span class='ocrx_word' id='word_1_92' title='bbox 1111 2835 1178 2883; x_wconf 87' lang='lat' dir='ltr'>csse</span> 
     </span>
     <span class='ocr_line' id='line_1_14' title="bbox 114 2940 1178 3025; baseline 0.001 -20"><span class='ocrx_word' id='word_1_93' title='bbox 114 2940 234 3006; x_wconf 91' lang='lat' dir='ltr'>solutas</span> <span class='ocrx_word' id='word_1_94' title='bbox 265 2943 358 3023; x_wconf 88' lang='lat' dir='ltr'>atque</span> <span class='ocrx_word' id='word_1_95' title='bbox 389 2940 429 3006; x_wconf 85' lang='lat' dir='ltr'>ad</span> <span class='ocrx_word' id='word_1_96' title='bbox 461 2941 556 3006; x_wconf 89' lang='lat' dir='ltr'>finem</span> <span class='ocrx_word' id='word_1_97' title='bbox 587 2941 752 3024; x_wconf 87' lang='lat' dir='ltr'>perductas</span> <span class='ocrx_word' id='word_1_98' title='bbox 786 2960 877 3007; x_wconf 89' lang='lat' dir='ltr'>nemo</span> <span class='ocrx_word' id='word_1_99' title='bbox 910 2940 1049 3025; x_wconf 85' lang='lat' dir='ltr'>negabit.</span> <span class='ocrx_word' id='word_1_100' title='bbox 1104 2941 1178 3008; x_wconf 91' lang='lat' dir='ltr'>Jam</span> 
     </span>
     <span class='ocr_line' id='line_1_15' title="bbox 114 3065 1180 3154; baseline 0 -22"><span class='ocrx_word' id='word_1_101' title='bbox 114 3085 187 3132; x_wconf 87' lang='lat' dir='ltr'>voro</span> <span class='ocrx_word' id='word_1_102' title='bbox 220 3066 253 3130; x_wconf 91' lang='lat' dir='ltr'>in</span> <span class='ocrx_word' id='word_1_103' title='bbox 282 3085 411 3132; x_wconf 85' lang='lat' dir='ltr'>numero</span> <span class='ocrx_word' id='word_1_104' title='bbox 446 3066 585 3131; x_wconf 89' lang='lat' dir='ltr'>virorum</span> <span class='ocrx_word' id='word_1_105' title='bbox 609 3067 781 3146; x_wconf 84' lang='lat' dir='ltr'>doctorum,</span> <span class='ocrx_word' id='word_1_106' title='bbox 815 3065 868 3150; x_wconf 90' lang='lat' dir='ltr'>qui</span> <span class='ocrx_word' id='word_1_107' title='bbox 900 3066 947 3154; x_wconf 88' lang='lat' dir='ltr'>de</span> <span class='ocrx_word' id='word_1_108' title='bbox 969 3067 1036 3132; x_wconf 88' lang='lat' dir='ltr'>arto</span> <span class='ocrx_word' id='word_1_109' title='bbox 1069 3065 1180 3132; x_wconf 88' lang='lat' dir='ltr'>critica</span> 
     </span>
     <span class='ocr_line' id='line_1_16' title="bbox 113 3189 1257 3278; baseline -0.002 -22"><span class='ocrx_word' id='word_1_110' title='bbox 113 3189 308 3256; x_wconf 86' lang='lat' dir='ltr'>Sallustiana</span> <span class='ocrx_word' id='word_1_111' title='bbox 330 3192 408 3256; x_wconf 90' lang='lat' dir='ltr'>berre</span> <span class='ocrx_word' id='word_1_112' title='bbox 431 3191 539 3256; x_wconf 88' lang='lat' dir='ltr'>meriti</span> <span class='ocrx_word' id='word_1_113' title='bbox 562 3193 653 3272; x_wconf 80' lang='lat' dir='ltr'>sunt,</span> <span class='ocrx_word' id='word_1_114' title='bbox 684 3191 784 3274; x_wconf 91' lang='lat' dir='ltr'>primo</span> <span class='ocrx_word' id='word_1_115' title='bbox 808 3190 876 3256; x_wconf 91' lang='lat' dir='ltr'>loco</span> <span class='ocrx_word' id='word_1_116' title='bbox 900 3189 1108 3255; x_wconf 87' lang='lat' dir='ltr'>nominandus</span> <span class='ocrx_word' id='word_1_117' title='bbox 1131 3191 1180 3256; x_wconf 87' lang='lat' dir='ltr'>est</span> <span class='ocrx_word' id='word_1_118' title='bbox 1251 3271 1257 3278; x_wconf 86' lang='lat'>.</span> 
     </span>
     <span class='ocr_line' id='line_1_17' title="bbox 114 3314 1251 3398; baseline 0.004 -20"><span class='ocrx_word' id='word_1_119' title='bbox 114 3315 309 3395; x_wconf 84' lang='lat' dir='ltr'>Dietschius‚</span> <span class='ocrx_word' id='word_1_120' title='bbox 342 3315 395 3398; x_wconf 92' lang='lat' dir='ltr'>qui</span> <span class='ocrx_word' id='word_1_121' title='bbox 427 3315 552 3381; x_wconf 87' lang='lat' dir='ltr'>etiamsi</span> <span class='ocrx_word' id='word_1_122' title='bbox 582 3316 616 3382; x_wconf 88' lang='lat' dir='ltr'>id</span> <span class='ocrx_word' id='word_1_123' title='bbox 643 3335 705 3382; x_wconf 90' lang='lat' dir='ltr'>non</span> <span class='ocrx_word' id='word_1_124' title='bbox 736 3315 854 3396; x_wconf 85' lang='lat' dir='ltr'>effecit,</span> <span class='ocrx_word' id='word_1_125' title='bbox 884 3317 920 3380; x_wconf 93' lang='lat' dir='ltr'>ut</span> <span class='ocrx_word' id='word_1_126' title='bbox 956 3314 1092 3381; x_wconf 87' lang='lat' dir='ltr'>editione</span> <span class='ocrx_word' id='word_1_127' title='bbox 1124 3332 1180 3380; x_wconf 86' lang='lat' dir='ltr'>sua</span> <span class='ocrx_word' id='word_1_128' title='bbox 1247 3371 1251 3383; x_wconf 81' lang='grc'><strong>.</strong></span> 
     </span>
     <span class='ocr_line' id='line_1_18' title="bbox 114 3440 1178 3525; baseline 0.001 -20"><span class='ocrx_word' id='word_1_129' title='bbox 114 3440 266 3506; x_wconf 90' lang='lat' dir='ltr'>lectiones</span> <span class='ocrx_word' id='word_1_130' title='bbox 290 3440 375 3505; x_wconf 88' lang='lat' dir='ltr'>haud</span> <span class='ocrx_word' id='word_1_131' title='bbox 398 3441 492 3506; x_wconf 90' lang='lat' dir='ltr'>dubie</span> <span class='ocrx_word' id='word_1_132' title='bbox 515 3442 655 3525; x_wconf 85' lang='lat' dir='ltr'>integrus</span> <span class='ocrx_word' id='word_1_133' title='bbox 678 3442 856 3525; x_wconf 87' lang='lat' dir='ltr'>praeberet,</span> <span class='ocrx_word' id='word_1_134' title='bbox 890 3444 997 3506; x_wconf 86' lang='lat' dir='ltr'>tamen</span> <span class='ocrx_word' id='word_1_135' title='bbox 1031 3440 1178 3521; x_wconf 79' lang='lat' dir='ltr'>ostendit,</span> 
     </span>
     <span class='ocr_line' id='line_1_19' title="bbox 115 3565 1179 3649; baseline -0.001 -18"><span class='ocrx_word' id='word_1_136' title='bbox 115 3566 228 3649; x_wconf 91' lang='lat' dir='ltr'>quibus</span> <span class='ocrx_word' id='word_1_137' title='bbox 250 3565 464 3630; x_wconf 87' lang='lat' dir='ltr'>fundamentis</span> <span class='ocrx_word' id='word_1_138' title='bbox 496 3567 545 3631; x_wconf 91' lang='lat' dir='ltr'>usi</span> <span class='ocrx_word' id='word_1_139' title='bbox 577 3567 698 3632; x_wconf 87' lang='lat' dir='ltr'>codices</span> <span class='ocrx_word' id='word_1_140' title='bbox 725 3568 758 3632; x_wconf 92' lang='lat' dir='ltr'>in</span> <span class='ocrx_word' id='word_1_141' title='bbox 789 3569 890 3632; x_wconf 87' lang='lat' dir='ltr'>certas</span> <span class='ocrx_word' id='word_1_142' title='bbox 921 3566 1036 3632; x_wconf 90' lang='lat' dir='ltr'>classes</span> <span class='ocrx_word' id='word_1_143' title='bbox 1069 3565 1179 3631; x_wconf 81' lang='lat' dir='ltr'>‹listri-</span> 
     </span>
     <span class='ocr_line' id='line_1_20' title="bbox 114 3692 781 3775; baseline 0 -17"><span class='ocrx_word' id='word_1_144' title='bbox 114 3693 209 3758; x_wconf 89' lang='lat' dir='ltr'>buere</span> <span class='ocrx_word' id='word_1_145' title='bbox 233 3694 265 3758; x_wconf 86' lang='lat' dir='ltr'>et</span> <span class='ocrx_word' id='word_1_146' title='bbox 288 3692 378 3757; x_wconf 85' lang='lat' dir='ltr'>inter·</span> <span class='ocrx_word' id='word_1_147' title='bbox 395 3711 427 3757; x_wconf 92' lang='lat' dir='ltr'>se</span> <span class='ocrx_word' id='word_1_148' title='bbox 451 3692 589 3758; x_wconf 87' lang='lat' dir='ltr'>conferre</span> <span class='ocrx_word' id='word_1_149' title='bbox 613 3711 781 3775; x_wconf 90' lang='lat' dir='ltr'>possemus.</span> 
     </span>
    </p>

    <p class='ocr_par' dir='ltr' id='par_1_4' title="bbox 115 3815 1238 4162">
     <span class='ocr_line' id='line_1_21' title="bbox 221 3815 1067 3900; baseline 0.001 -20"><span class='ocrx_word' id='word_1_150' title='bbox 221 3817 385 3882; x_wconf 83' lang='lat' dir='ltr'>Librorum</span> <span class='ocrx_word' id='word_1_151' title='bbox 410 3817 493 3882; x_wconf 90' lang='lat' dir='ltr'>enim</span> <span class='ocrx_word' id='word_1_152' title='bbox 517 3818 594 3882; x_wconf 89' lang='lat' dir='ltr'>haec</span> <span class='ocrx_word' id='word_1_153' title='bbox 617 3816 680 3880; x_wconf 87' lang='lat' dir='ltr'>tria</span> <span class='ocrx_word' id='word_1_154' title='bbox 702 3835 818 3900; x_wconf 88' lang='lat' dir='ltr'>genera</span> <span class='ocrx_word' id='word_1_155' title='bbox 841 3835 908 3881; x_wconf 88' lang='lat' dir='ltr'>esse</span> <span class='ocrx_word' id='word_1_156' title='bbox 927 3815 1067 3900; x_wconf 86' lang='lat' dir='ltr'>judicat:</span> 
     </span>
     <span class='ocr_line' id='line_1_22' title="bbox 115 3940 1179 4025; baseline -0.003 -19"><span class='ocrx_word' id='word_1_157' title='bbox 115 3942 251 4025; x_wconf 89' lang='lat' dir='ltr'>primum</span> <span class='ocrx_word' id='word_1_158' title='bbox 285 3961 406 4022; x_wconf 85' lang='lat' dir='ltr'>eorum,</span> <span class='ocrx_word' id='word_1_159' title='bbox 440 3943 614 4025; x_wconf 91' lang='lat' dir='ltr'>quinoque</span> <span class='ocrx_word' id='word_1_160' title='bbox 639 3941 661 4008; x_wconf 88' lang='lat' dir='ltr'>J</span> <span class='ocrx_word' id='word_1_161' title='bbox 686 3942 759 4020; x_wconf 83' lang='grc'>44,5</span> <span class='ocrx_word' id='word_1_162' title='bbox 792 3941 887 4007; x_wconf 88' lang='lat' dir='ltr'>verba</span> <span class='ocrx_word' id='word_1_163' title='bbox 915 3959 1031 4024; x_wconf 83' lang='lat' dir='ltr'>„neque</span> <span class='ocrx_word' id='word_1_164' title='bbox 1058 3940 1179 4004; x_wconf 88' lang='lat' dir='ltr'>munie-</span> 
     </span>
     <span class='ocr_line' id='line_1_23' title="bbox 115 4064 1238 4162; baseline -0.004 -29"><span class='ocrx_word' id='word_1_165' title='bbox 115 4069 231 4133; x_wconf 85' lang='lat' dir='ltr'>bantur·</span> <span class='ocrx_word' id='word_1_166' title='bbox 254 4073 308 4134; x_wconf 80' lang='lat' dir='ltr'>ca“</span> <span class='ocrx_word' id='word_1_167' title='bbox 336 4068 483 4134; x_wconf 85' lang='lat' dir='ltr'>exhibent</span> <span class='ocrx_word' id='word_1_168' title='bbox 517 4069 549 4132; x_wconf 88' lang='lat' dir='ltr'>et</span> <span class='ocrx_word' id='word_1_169' title='bbox 573 4067 606 4131; x_wconf 88' lang='lat' dir='ltr'>iu</span> <span class='ocrx_word' id='word_1_170' title='bbox 629 4086 665 4132; x_wconf 87' lang='lat' dir='ltr'>eo</span> <span class='ocrx_word' id='word_1_171' title='bbox 694 4066 775 4131; x_wconf 89' lang='lat' dir='ltr'>libro</span> <span class='ocrx_word' id='word_1_172' title='bbox 810 4068 948 4130; x_wconf 80' lang='lat' dir='ltr'>extremo</span> <span class='ocrx_word' id='word_1_173' title='bbox 983 4064 1088 4148; x_wconf 88' lang='lat' dir='ltr'>ampla</span> <span class='ocrx_word' id='word_1_174' title='bbox 1123 4065 1238 4162; x_wconf 57' lang='lat' dir='ltr'>illa4</span> 
     </span>
    </p>
   </div>
   <div class='ocr_carea' id='block_1_3' title="bbox 116 4142 1212 4272">
    <p class='ocr_par' dir='ltr' id='par_1_5' title="bbox 116 4142 1212 4272">
     <span class='ocr_line' id='line_1_24' title="bbox 116 4142 1212 4272; baseline -0.016 -15"><span class='ocrx_word' id='word_1_175' title='bbox 116 4193 229 4259; x_wconf 90' lang='lat' dir='ltr'>lacuna</span> <span class='ocrx_word' id='word_1_176' title='bbox 253 4193 359 4266; x_wconf 88' lang='lat' dir='ltr'>mutili</span> <span class='ocrx_word' id='word_1_177' title='bbox 382 4196 472 4272; x_wconf 90' lang='lat' dir='ltr'>sunt;</span> <span class='ocrx_word' id='word_1_178' title='bbox 1149 4142 1212 4240; x_wconf 41' lang='lat'>1⁴*</span> 
     </span>
    </p>
   </div>
   <div class='ocr_carea' id='block_1_4' title="bbox 0 0 1443 4706">
    <p class='ocr_par' dir='ltr' id='par_1_6' title="bbox 0 0 1443 4706">
     <span class='ocr_line' id='line_1_25' title="bbox 0 0 1443 4706; baseline 0 0"><span class='ocrx_word' id='word_1_179' title='bbox 0 0 1443 4706; x_wconf 95' lang='lat' dir='ltr'> </span> 
     </span>
    </p>
   </div>
  </div>
 </body>
</html>
