2854 4706
740 241 783 304 34

230 455 264 519 in
287 455 378 520 libris
391 455 511 520 exstare
523 455 641 538 majore
663 453 824 538 pravitate
847 457 879 520 et
902 455 1109 538 peruersitate
1133 456 1302 532 traditum,

174 665 176 669 Ι
233 599 326 662 quam
355 579 393 644 ob
426 599 492 644 rem
525 579 661 644 editores
695 578 777 644 alins
807 579 905 644 aliam
936 581 1122 646 emendandi
1146 581 1307 650 rationem.

230 703 382 771 inierunt.
430 703 533 784 Quum
550 722 623 769 vero
646 685 727 768 nibil
740 705 854 769 extem
879 705 1011 771 diversis
1027 705 1179 770 librorum
1202 707 1304 790 scrip-

231 831 312 895 turis
344 830 552 914 perspiciatur
580 827 642 892 nisi
675 829 834 894 Romanos
873 829 985 894 mortis
1021 831 1108 895 metu
1141 831 1303 912 perculsos

230 957 338 1039 turpes
360 955 446 1038 pacis
470 953 667 1020 condiciones
691 955 863 1037 accepisse,
896 955 1060 1038 proposuit
1093 955 1159 1020 sive
1183 957 1304 1039 recepit

231 1081 373 1146 Kritzius
398 1080 594 1159 mutabant,
618 1078 669 1143 cui
693 1078 878 1162 scripturae,
911 1080 947 1142 ut
971 1079 1150 1162 explicaret,
1176 1100 1302 1146 sensum

229 1205 327 1270 talen]
351 1203 475 1268 subesse
506 1202 691 1284 adscripsit:
725 1201 798 1284 quia
828 1207 955 1285 propter
988 1205 1102 1268 mortis
1126 1207 1244 1270 nretum
1269 1225 1306 1270 sc·

231 1329 409 1408 mutabant,
433 1328 466 1392 id
489 1330 537 1393 est
559 1327 624 1392 alia
647 1326 835 1392 videbantur
858 1329 952 1410 atque
977 1331 1076 1397 erant.
1103 1403 1105 1408 ,
1134 1329 1304 1396 Jacobsius

228 1453 364 1520 fortasse
386 1453 540 1537 judicium
562 1449 769 1536 Lachneri²⁴)
793 1454 918 1517 secutus
941 1453 1060 1534 passivi
1083 1453 1304 1536 imperfectum

231 1577 297 1661 legi
335 1577 470 1646 maurrlt.
532 1578 648 1641 Eorum
689 1577 793 1641 autern
834 1576 974 1659 opinioni
1011 1578 1181 1658 adversati,
1230 1579 1305 1660 quia

234 1703 433 1768 rarissimum
472 1705 504 1768 et
542 1702 729 1767 inusitatum
757 1703 850 1768 ·hunc
896 1703 1039 1768 mutandi
1085 1704 1174 1768 uerbi
1212 1723 1305 1768 nsum

232 1829 385 1894 Sallustio
409 1829 653 1912 denegaverunt,
678 1827 735 1892 alii
748 1827 902 1893 librorum
915 1828 1010 1893 verba
1026 1829 1072 1892 ita
1088 1829 1304 1913 neglexerunt,

231 1953 268 2017 ut
310 1953 411 2018 textui
455 1953 629 2019 insererent
667 1953 825 2022 Jordanus
874 1953 1073 2033 mutabant,
1121 1953 1305 2020 Dietschius

232 2078 355 2158 ,mortis
386 2079 506 2143 metum
539 2078 764 2158 intuebantur,
800 2077 972 2144 Gehlonius
1009 2099 1045 2143 er
1076 2079 1146 2164 lopo
1177 2080 1303 2161 O3l,2

232 2223 298 2282 ,suo
322 2203 452 2286 quisque
474 2205 563 2268 metu
578 2204 719 2286 pericula
734 2203 851 2268 metiri’
873 2206 1062 2287 proponeret
1080 2205 1203 2284 ,mortis
1215 2209 1306 2272 metu

230 2328 464 2396 metiebantur.
521 2327 582 2393 Sed
606 2329 633 2392 si
657 2347 735 2410 quae
767 2328 801 2392 in
830 2328 922 2394 libris
956 2329 1156 2412 reperiuntur
1188 2335 1306 2412 ,muta-

235 2453 351 2518 bantur
382 2451 602 2517 multabantur
630 2453 860 2518 minitabantur
889 2456 1077 2520 tenebantur
1111 2457 1307 2542 cogebantur

233 2578 427 2663 urgebantur
465 2576 730 2662 augustiabantur
774 2579 887 2644 mortis
931 2581 1115 2646 metuebant
1153 2584 1302 2665 pericula'

231 2703 366 2787 amplexi
389 2702 517 2782 erimus,
543 2721 731 2786 quamquam
756 2723 792 2770 ea
815 2705 912 2771 verba
934 2705 985 2770 vel
1008 2685 1202 2788 corruptelas
1225 2728 1304 2792 gen-

230 2829 323 2894 uinae
347 2826 521 2894 sententiae
547 2817 596 2892 iel
612 2827 804 2910 glossemata
828 2848 894 2894 esse
918 2829 1042 2913 adjecta
1065 2833 1205 2914 apparet,
1229 2833 1304 2899 inde

231 2953 386 3018 discemus
409 2933 589 3037 conjectura
613 2953 680 3036 ejus
704 2953 790 3018 modi
814 2973 890 3036 opus
915 2973 991 3034 esso,
1015 2955 1051 3018 nt
1076 2955 1210 3039 sanecti
1233 2956 1304 3023 loco

232 3079 390 3143 Romanos
414 3077 585 3143 habeamus
610 3079 656 3162 (id
680 3079 762 3162 quod
786 3079 977 3144 Weinlroldo
1001 3080 1133 3146 minime
1157 3081 1303 3164 placuit).

232 3203 265 3268 Si
299 3203 401 3288 igitur
438 3203 636 3270 concedimus
673 3205 711 3268 de
745 3204 902 3270 enuntiati
942 3205 1083 3289 subjecto
1118 3206 1257 3272 dubitari
1287 3229 1303 3273 e

231 3347 382 3394 consensu
398 3328 551 3394 librorum
563 3349 625 3394 non
637 3349 737 3412 posse,
761 3330 898 3394 maxima
915 3330 1008 3414 hujus
1024 3331 1088 3396 loci
1112 3330 1303 3397 difficultate

232 3455 379 3536 superata
395 3455 566 3536 quaeritur,
592 3455 746 3537 quomodo
761 3456 900 3532 verbum,
926 3455 1009 3538 quod
1025 3455 1058 3518 in
1075 3456 1157 3521 hunc
1178 3475 1303 3521 sensum

143 3556 145 3568 ’
232 3581 349 3664 optime
397 3581 541 3663 quadret,
591 3581 780 3648 inveniatur.
845 3580 948 3661 Quum
997 3600 1070 3645 uero
1110 3582 1304 3664 optimorum

230 3706 386 3772 librorum
410 3707 584 3788 scripturae
607 3706 753 3771 exeuntes
776 3705 809 3768 in
834 3741 886 3786 ,-
911 3705 1070 3770 tabantur'
1105 3707 1304 3772 consentiant

231 3830 374 3912 quidem,
409 3830 463 3896 sed
492 3831 645 3895 fluctuent
674 3829 707 3892 in
737 3830 839 3912 priore
871 3831 960 3896 uerbi
997 3831 1099 3914 parte
1118 3831 1303 3913 praebentes

339 4097 372 4166 ²⁴)
393 4099 600 4154 Observationes
618 4100 646 4153 in
664 4097 807 4154 nonnullos
827 4098 950 4152 Sallustii
979 4099 1052 4153 locos
1072 4098 1114 4160 od.
1133 4097 1229 4152 Curiae
1249 4097 1303 4152 Ba·

232 4205 338 4258 caricae
357 4223 381 4260 a.
402 4206 478 4262 1828.
