2854 4706
783 213 804 276 4

263 425 390 491 secundi
405 427 529 512 generis
546 427 620 491 sunt
644 426 673 492 ei
695 427 780 507 libri,
806 427 858 509 qui
874 426 1019 491 lacunam
1040 425 1131 490 illam
1147 424 1325 508 expleverc;

259 554 389 619 tertium
420 572 527 618 corum
559 552 607 618 est
637 571 754 635 genus,
797 551 850 633 qui
890 550 986 615 etiam
1015 550 1036 616 J
1061 550 1136 630 lat
1167 550 1327 616 exhibent.

260 678 394 742 Etiamsi
420 676 576 742 fateamur
610 695 733 741 neccsse
764 677 812 740 est
844 675 1049 741 Dictschium'
1068 676 1106 740 de
1141 675 1327 760 colligendis

258 802 513 885 conferendisqne
553 802 714 868 codicibus
753 801 870 884 optime
906 801 1054 866 meritum
1087 820 1170 880 esse,
1218 802 1326 866 tamen

258 928 396 994 dubitari
437 946 499 992 non
544 928 649 1010 potest
697 947 733 992 ex
771 926 960 991 auctoritate
1012 926 1145 992 Jordani
1194 925 1326 1010 Sauppii

258 1054 391 1119 aliorum
423 1053 561 1117 virorum
594 1052 860 1127 doctissimorum,
901 1053 976 1134 quin
999 1071 1061 1117 non
1091 1052 1182 1117 tanta
1206 1053 1325 1134 quanta

259 1197 334 1260 opus
374 1179 456 1243 esset
490 1177 659 1262 diligentia
693 1176 725 1241 in
758 1178 816 1242 hac
851 1197 883 1242 re
916 1197 990 1242 usus
1020 1177 1071 1246 sit.
1128 1178 1285 1244 Jordanus
1298 1175 1325 1262 1)

258 1304 341 1367 enim
388 1302 617 1367 demonstravit
660 1321 730 1367 eum
777 1321 838 1367 non
885 1302 986 1366 solum
1033 1303 1128 1367 verba
1171 1303 1325 1386 quaedam

258 1427 440 1513 neglexisse,
481 1447 588 1492 verum
628 1426 724 1492 ctiam
763 1427 914 1491 lectiones
956 1428 1145 1509 optimorum
1182 1427 1324 1492 codicum

258 1553 339 1618 inter
362 1573 394 1618 se
433 1554 642 1618 commutasse
677 1554 733 1618 aut
764 1553 947 1636 corrupisse.
1010 1553 1126 1620 Contra
1157 1553 1324 1620 certiorem

257 1677 410 1743 rationem
446 1678 588 1743 codicum
622 1677 655 1741 in
690 1677 840 1760 quasdam
880 1655 994 1744 classes
1035 1678 1324 1744 distribuendorum

256 1801 418 1884 proposuit
457 1801 657 1885 Sauppius²)‚
704 1802 758 1884 qui
790 1822 826 1868 ex
865 1804 953 1885 parte
989 1803 1179 1869 sententiam
1213 1804 1325 1868 Rotbii

257 1929 381 1993 secutus
411 1927 493 1992 hunc
536 1927 676 1992 ordinem
722 1927 863 1993 codicum
901 1928 1084 2010 constituit,
1130 1931 1167 1993 nt
1204 1928 1325 1994 adscri-

257 2053 345 2118 beret

256 2177 374 2260 primae
408 2176 499 2242 classi
530 2194 582 2240 eos
605 2177 742 2257 codices,
775 2179 828 2260 qui
851 2197 951 2261 neque
981 2179 1075 2243 verba
1100 2179 1121 2245 J
1149 2180 1242 2258 103‚2
1275 2199 1325 2259 ‚ex

258 2303 344 2367 omni
382 2302 471 2384 copia
511 2301 763 2368 necessariorum'
798 2323 895 2386 usque
936 2304 974 2368 ad
1013 2303 1034 2369 J
1061 2305 1155 2384 112‚3
1204 2324 1323 2388 ‚pacem

256 2429 363 2504 vellet,
403 2427 493 2494 daret
531 2429 666 2510 operam'
707 2429 853 2494 exhibent
889 2448 986 2511 neque
1010 2430 1032 2495 J
1056 2431 1131 2505 aad
1172 2431 1220 2509 ,de
1249 2451 1324 2497 con-

257 2553 422 2618 troversiis
465 2553 535 2636 jure
580 2554 685 2636 potius
724 2568 816 2635 quam
870 2553 955 2618 bello
1001 2555 1183 2636 disceptare’
1223 2575 1324 2640 neque
1409 2643 1410 2656 ἵ

258 2682 279 2746 J
304 2682 379 2762 44‚5
406 2680 637 2757 ‚muniebantur
659 2698 695 2743 ea
717 2681 844 2760 neque';
1409 2661 1410 2664 ¹

256 2809 349 2889 atque
374 2807 409 2869 ut
433 2805 584 2870 secundae
608 2803 701 2867 classi
724 2804 879 2868 tribueret
907 2822 970 2885 eos,
1002 2803 1056 2886 qui
1084 2804 1186 2886 prima
1209 2805 1325 2870 lacuna

258 2932 381 3014 expleta
405 2932 426 2997 J
450 2931 526 3010 21,4
549 2931 582 2994 et
606 2930 680 3007 loc
705 2929 811 2994 mutili
835 2932 922 3006 sunt;

255 3056 368 3122 tertiae
392 3075 454 3136 cos,
478 3055 510 3118 in
534 3055 646 3136 quibus
670 3074 732 3120 una
755 3055 777 3120 J
799 3054 876 3130 44,5
900 3054 1012 3119 lacuna
1040 3055 1108 3120 exst
1130 3056 1152 3120 t.

257 3183 375 3247 Deinde
400 3180 536 3246 Rotbius
553 3180 633 3246 Mus.
659 3181 759 3247 Rhen.
783 3180 844 3247 vol.
864 3181 911 3244 IX
935 3200 964 3262 p.
986 3180 1049 3244 129
1073 3180 1320 3262 disputationem

255 3307 397 3386 inseruit,
421 3325 482 3388 qua
512 3306 667 3370 rationem
697 3305 849 3369 librorum
884 3305 1177 3389 distinguendorum
1219 3307 1321 3388 primo

256 3433 380 3516 quidem
416 3430 594 3511 constituit,
630 3431 735 3513 paullo
765 3432 837 3512 post
868 3450 936 3495 eam
970 3449 1036 3495 esse
1067 3430 1179 3495 falsam
1219 3429 1322 3514 ipsc³)
1407 3433 1408 3480 i

255 3558 419 3625 intellexit.
487 3558 524 3621 In
558 3575 685 3622 numero
724 3557 807 3621 enim
848 3557 1041 3638 optimorum
1072 3556 1241 3632 librorum,
1283 3558 1320 3619 ut

255 3683 395 3765 exemplo
419 3683 506 3760 utar,
531 3682 713 3764 posthabito
740 3681 885 3746 Parisino
920 3682 984 3746 500
1008 3682 1041 3746 et
1073 3681 1152 3746 alios
1187 3679 1320 3745 minoris

364 3879 384 3948 ¹)
403 3879 431 3932 in
451 3877 542 3932 Herm.
562 3877 613 3935 sol,
635 3877 693 3946 lp.
712 3877 854 3932 anu—alo
875 3879 903 3930 et
920 3877 949 3930 in
968 3877 1036 3931 blus.
1056 3876 1140 3930 Rhea.
1160 3876 1212 3935 vol.
1225 3875 1319 3930 XVIII

135 4007 137 4011 .
254 4005 279 4058 p.
301 3987 448 4041 aar-593.

362 4092 382 4160 ²)
401 4091 585 4160 Vcrlesnngcn
605 4089 669 4144 iiber
683 4088 775 4142 Kritilr
789 4089 844 4143 und
855 4087 1056 4145 Hermeneutik.
1077 4088 1227 4159 thtiugen
1242 4090 1319 4145 1874.

361 4199 381 4268 ³)
401 4201 428 4254 in
447 4201 513 4256 Mus¹
534 4199 619 4254 Rhea.
639 4197 690 4255 vol.
710 4197 750 4251 IX
770 4215 795 4268 p.
815 4198 874 4254 630.
