2854 4706
778 191 817 260 14

692 289 905 298 ·-.-—-

263 410 426 495 ignobiles'
452 411 540 494 cujus
564 408 735 492 scripturae
756 412 846 477 affert
869 410 1091 493 argumentum
1107 411 1130 477 J
1142 411 1218 487 67,2
1238 407 1335 494 juxta

262 535 337 600 boni
359 537 506 619 malique,
532 537 652 601 strenui
675 538 708 602 at
731 536 883 604 imbelles.
932 534 1034 615 Quum
1057 552 1141 612 vero,
1167 554 1246 617 quae
1270 533 1333 598 illa

263 661 481 727 enuntiatione
499 662 710 739 continentur,
735 681 835 743 nequa
851 660 1012 726 referenda
1029 660 1093 724 sint
1116 659 1155 724 ari
1173 659 1333 726 Catilinae

264 787 364 852 socios
388 786 471 851 solos
495 787 527 852 et
552 785 584 850 id
607 785 662 852 ille
678 787 762 871 agat,
788 787 824 850 ut
848 805 973 851 suorum
991 785 1143 850 virtutem
1159 783 1331 861 collaudet,

264 913 352 979 verbi
375 931 469 978 causa

370 1059 388 1141 ς
413 1059 432 1121 2
454 1056 487 1121 ni
510 1056 612 1121 virtus
644 1055 782 1138 fidesque
815 1058 922 1121 vostra
953 1057 1094 1138 spectata
1122 1054 1203 1120 mihi
1226 1053 1333 1119 forent

370 1200 566 1285 §Smultis
597 1203 629 1265 et
665 1199 789 1284 magnis
827 1199 1068 1281 tempestatibus
1102 1218 1156 1264 vos
1195 1198 1333 1282 cognovi

264 1327 354 1392 fortis
378 1326 517 1409 fidosque
541 1325 621 1390 mihi

369 1489 387 1572 ἕ
410 1489 429 1553 9
456 1487 588 1552 victoria
617 1486 650 1550 in
682 1505 776 1550 manu
809 1485 898 1550 vobis
930 1488 994 1550 est:
1026 1484 1113 1570 viget
1141 1487 1228 1551 aetas
1253 1540 1259 1553 .
1287 1536 1293 1549 .
1322 1531 1329 1545 .

263 1633 338 1678 uum
362 1613 442 1678 tales
466 1612 550 1677 viros
574 1611 732 1694 appellare
755 1611 784 1675 ei
807 1611 900 1675 licuit
932 1609 1061 1690 ‚strenui
1093 1609 1332 1692 imbellesque'i

262 1740 378 1806 Contra
393 1739 508 1822 rejecto
525 1737 665 1818 ‚strenui'
684 1737 851 1820 adjectivo,
878 1737 957 1820 quod
973 1737 1131 1822 glossema
1146 1736 1330 1818 appositum

262 1886 328 1932 esse
360 1865 421 1930 viri
454 1863 539 1929 docti
572 1865 802 1948 cognoverunt,
836 1863 967 1928 alterius
998 1862 1170 1928 sententiae
1193 1861 1329 1926 membri

262 2011 336 2058 voce
375 1990 532 2073 ,malique’
571 1990 692 2054 nullam
730 1989 872 2055 invenias
911 1989 1074 2072 aptiorem,
1115 2008 1193 2072 quae
1232 1987 1327 2067 ,boni'
1407 2067 1408 2070 Ἴ

262 2119 454 2200 opponatur,
489 2116 536 2180 ita
569 2117 604 2180 ut
632 2116 757 2199 legatur
788 2115 893 2194 ,ceteri
919 2134 1041 2195 omues,
1072 2115 1145 2180 boni
1179 2114 1327 2196 malique,
1407 2093 1408 2116 ³

261 2243 382 2308 nubiles
411 2245 504 2326 atque
537 2241 713 2326 ignobiles'.
767 2239 913 2306 Alterum
942 2260 1039 2323 neque
1064 2242 1096 2306 id
1120 2241 1328 2324 spernendum

263 2368 352 2433 nobis
376 2368 469 2432 datur
494 2367 724 2451 argumentum,
751 2385 810 2448 quo
834 2365 930 2431 innisi
954 2367 1034 2431 harro
1051 2367 1237 2450 scripturam
1262 2386 1328 2431 me-

261 2495 371 2560 liorem
395 2495 549 2576 putemus,
584 2512 621 2557 ex
651 2492 778 2574 scriptis
805 2493 884 2557 Vict.
911 2492 997 2558 Caes.
1024 2493 1099 2574 24,9
1130 2493 1326 2576 immissique

261 2620 295 2684 in
317 2619 482 2702 imperium
507 2607 680 2700 promis'oue
704 2616 778 2682 boni
801 2617 948 2700 malique,
974 2618 1095 2683 nobiles
1118 2619 1212 2700 atque
1236 2617 1327 2702 igno·

262 2745 350 2812 biles.
398 2744 529 2810 Constat
551 2743 635 2808 enim
659 2763 739 2823 eum,
782 2742 980 2826 Septimium,
1025 2742 1183 2822 Severum,
1208 2743 1327 2809 multos

262 2868 343 2934 alios
365 2869 523 2952 permulta
547 2868 724 2934 eSallustii
747 2867 872 2950 scriptis
896 2867 927 2931 in
953 2887 1008 2933 sua
1030 2868 1239 2947 transtulisse,
1265 2888 1326 2950 quo

261 2995 446 3060 innumero
470 2994 552 3060 huno
576 2994 680 3058 locum
703 3013 769 3058 esso
793 2993 943 3076 quiscat,
969 2993 1022 3076 qui
1046 2995 1164 3078 neget?

368 3177 404 3241 ln
443 3174 580 3259 ejusdem
619 3173 731 3256 capitis
762 3175 779 3257 ᾖ
805 3175 845 3238 10
883 3173 916 3238 in
948 3172 998 3240 PC
1031 3173 1185 3256 scriptum
1223 3173 1326 3238 exstat
1406 3209 1407 3244 2

262 3302 390 3379 ,Verum
414 3300 571 3366 enimuero
588 3319 643 3383 pro
667 3300 759 3364 deum
783 3299 878 3382 atque
900 3299 1058 3364 hominum
1081 3297 1176 3364 fidem
1193 3297 1326 3364 victoria

261 3427 294 3490 in
317 3445 412 3490 manu
435 3425 525 3491 nobis
548 3427 606 3504 est,
633 3425 720 3509 viget
743 3425 839 3505 aetas,
865 3425 988 3489 animus
1005 3425 1106 3502 valet;
1133 3426 1242 3490 contra
1258 3423 1324 3488 illis
1406 3513 1407 3519 ἵ

261 3552 352 3616 aunis
375 3553 469 3633 atque
500 3551 623 3616 divitiis
657 3550 761 3616 omnia
792 3552 1043 3631 consenuerunt',
1072 3549 1106 3614 in
1132 3551 1178 3615 Vo
1203 3550 1323 3630 ,vobis'.

262 3675 346 3758 Quae
382 3677 534 3741 librorum
573 3676 781 3759 discrepantia
822 3677 939 3758 optime
979 3695 1058 3742 nexu
1097 3674 1324 3741 sententiarum

261 3804 403 3869 solvitur.
452 3801 564 3868 Studet
587 3805 669 3869 enim
696 3803 833 3869 Catilina
856 3803 914 3868 hac
939 3803 1078 3867 oratione
1102 3801 1219 3866 amicos
1242 3801 1325 3866 sedi-

261 3929 358 3994 tiosos
382 3931 414 3995 et
439 3948 590 3995 novarum
613 3949 718 3994 rerum
742 3928 959 4011 cupidissimos
975 3928 1014 3992 ad
1037 3928 1152 3993 acriter
1167 3926 1325 4011 agendum

261 4073 353 4138 quam
383 4055 656 4121 vehementissime
680 4055 825 4121 excitare.
882 4055 991 4135 ltaque
1022 4055 1057 4117 ut
1087 4053 1198 4118 doceat
1230 4052 1324 4137 longe

263 4181 356 4246 aliam
386 4200 452 4246 esse
483 4181 567 4246 vitae
602 4181 816 4246 condicionem
849 4179 977 4244 illorum
1019 4181 1113 4262 atque
1141 4177 1324 4258 amicorum,
