2854 4706
620 189 660 258 13

107 407 230 490 saepius
255 408 391 474 occurrit
414 407 447 471 in
471 409 610 474 extremo
634 407 869 474 enuntiatorum
905 405 1044 470 membro
1069 405 1093 471 O
1116 405 1171 482 3,4

104 532 190 598 larua
223 535 316 615 atque
341 533 462 598 invidie
489 533 512 599 O
538 535 601 613 5,9,
633 534 654 600 J
678 535 750 613 51,1
778 551 865 598 arma
888 532 969 612 tela,
1001 531 1073 614 equi
1098 531 1168 610 viri,

107 659 213 723 hostes
236 659 329 740 atque
353 659 437 726 cives
459 659 616 741 permixti.

215 785 302 850 Haec
325 784 387 850 fere
417 785 507 863 sunt,
544 803 621 866 quae
646 784 781 858 obstant,
814 783 980 865 quominus
1012 783 1044 846 in
1067 785 1172 865 poste-

107 909 190 973 riore
229 911 322 993 hujus
358 911 531 974 sententiae
570 911 660 992 parte
698 909 737 972 ab
784 909 973 991 optimorum
1021 907 1172 973 librorum

107 1035 280 1116 scriptura,
317 1035 448 1114 ,nobiles
483 1037 577 1116 atque
612 1032 777 1117 ignobiles’
810 1032 1001 1100 recedamus.
1063 1032 1172 1114 Neque

108 1178 183 1223 vero
206 1159 318 1240 prioris
341 1161 457 1242 partis,
491 1159 555 1224 sive
584 1159 705 1243 legitur
729 1157 859 1238 ,strenui
889 1157 972 1222 boni'
998 1157 1064 1222 sive
1088 1155 1171 1237 ,boni

107 1285 204 1366 atque
227 1285 366 1360 streuui',
392 1286 487 1350 uerba
510 1285 675 1350 offensione
701 1285 817 1362 carent,
841 1303 913 1348 nam
938 1284 991 1366 qui
1015 1285 1088 1348 sunt
1111 1283 1171 1360 illi,

108 1409 163 1489 qui
188 1411 339 1474 vocantur
363 1410 445 1488 boni,
471 1411 522 1492 qui
548 1411 620 1474 sunt
645 1409 785 1474 strenui?
841 1408 908 1489 Quo
938 1409 970 1472 in
994 1409 1173 1473 discrimine

107 1552 205 1614 quum
237 1534 443 1598 Woinholdus
476 1554 573 1616 usque
607 1535 691 1599 recte
725 1533 875 1599 statuerit
907 1553 925 1598 a
956 1533 1107 1598 Sallustio
1137 1552 1173 1597 er

107 1661 215 1723 mente
239 1657 393 1724 Catilinae
424 1661 585 1724 strenuum
615 1679 686 1724 eum
720 1658 796 1736 dici,
835 1659 888 1741 qui
920 1677 1040 1722 summo
1074 1656 1173 1722 animi

107 1784 219 1848 ardore
244 1787 352 1850 contra
384 1786 527 1850 senatum
559 1785 823 1868 optimatiumque
855 1784 1025 1850 factionem
1050 1784 1173 1848 inflam-

107 1910 214 1973 matus
238 1910 289 1988 sit,
315 1911 399 1975 etin
426 1929 528 1976 errore
553 1911 595 1974 sit
619 1912 771 1989 versatus,
807 1911 880 1992 quia
904 1911 1017 1974 bonum
1043 1912 1173 1975 eundem

109 2035 174 2099 dici
208 2035 277 2099 vult
307 2055 397 2117 quem
423 2037 603 2114 strenuum,
630 2035 762 2118 conjecit
786 2035 881 2100 verbo
905 2035 987 2117 quod
1010 2040 1058 2100 est
1082 2036 1174 2114 ,boni'

108 2159 235 2224 sublato
260 2161 389 2240 ,strenui
413 2161 626 2244 imbellesque,
651 2161 772 2226 nobiles
790 2162 883 2242 atque
899 2160 1072 2244 ignobiles’.
1113 2161 1173 2226 Sed

108 2304 172 2348 non
196 2284 232 2348 de
256 2305 311 2348 sua
334 2285 426 2350 modo
451 2287 483 2350 et
507 2287 661 2350 sodalium
685 2286 799 2350 misera
824 2285 1004 2350 condicione
1027 2285 1173 2350 hocloco

107 2409 206 2472 verba
229 2409 305 2473 lacit
328 2409 484 2489 Catilina,
521 2411 591 2488 sed,
631 2411 667 2474 ut
697 2429 803 2476 eorum
835 2409 956 2473 animos
988 2409 1090 2493 magis
1113 2410 1174 2474 sibi

108 2535 301 2612 custodierat,
327 2537 452 2599 enarrat
476 2553 590 2616 paucos
621 2535 762 2599 homines
792 2534 825 2598 in
849 2554 881 2598 re
912 2533 1038 2616 publica
1060 2535 1173 2618 guber-

107 2659 213 2722 nanda
236 2661 267 2724 et
290 2659 540 2725 administranda
564 2661 685 2726 tantam
709 2661 816 2724 nactos
840 2677 906 2723 esse
928 2659 1113 2741 potentiam,
1139 2664 1174 2724 ut

108 2781 291 2848 universum
313 2785 463 2867 populum
487 2785 672 2863 Romanurn,
696 2785 728 2849 id
753 2786 809 2880 est·
824 2786 944 2848 ceteros
968 2803 1073 2848 omnes
1098 2830 1105 2844 .
1132 2835 1139 2849 .
1166 2837 1173 2852 .

107 2909 230 2974 nobiles
262 2911 356 2992 atque
389 2911 544 2994 ignobiles
572 2911 782 2992 opprimerent
806 2910 874 2994 (cfr.
900 2911 921 2976 J
946 2909 1045 2993 tbi).
1100 2909 1174 2974 Jarn

109 3052 185 3099 vero
210 3035 236 3098 si
260 3036 344 3099 recte
369 3035 445 3099 haec
469 3033 639 3116 disputavi,
665 3033 783 3116 optimo
804 3034 874 3117 jure
892 3033 1028 3099 Catilina
1052 3033 1085 3096 in
1108 3053 1174 3098 ora·

109 3161 197 3224 tione
214 3181 269 3225 sua
286 3162 477 3226 mentionem
494 3161 571 3225 lacit
588 3160 807 3244 ignobilium,
831 3179 925 3242 quum
944 3158 975 3224 id
988 3159 1175 3224 vocabulum

108 3287 241 3352 nonad
273 3287 390 3366 socios,
424 3285 536 3368 quippe
561 3304 691 3367 quorum
724 3285 864 3368 plerique
895 3283 1037 3348 homines
1060 3283 1174 3348 summi

109 3411 230 3478 ordinis
267 3412 386 3491 essent,
427 3411 481 3475 sed
513 3411 553 3475 ad
589 3428 694 3476 omnes
733 3411 816 3474 cives
853 3411 1009 3474 Romanos
1043 3410 1129 3490 spect
1149 3410 1173 3478 t.

109 3537 230 3618 Quodsi
254 3537 373 3600 certum
399 3537 460 3616 est,
492 3535 599 3617 paucis
622 3535 688 3599 illis
712 3534 891 3599 bominibus
915 3534 1009 3598 verba
1033 3532 1175 3616 opposita
1275 3601 1277 3605 ,

109 3683 176 3728 esse
210 3663 317 3742 ,ceteri
347 3663 474 3741 omnes',
508 3661 547 3726 ad
578 3681 656 3743 quae
686 3661 867 3744 explicanda
901 3661 932 3725 et
955 3659 1174 3743 amplificanda

108 3787 227 3870 adjecit
251 3787 389 3877 Catilina
419 3786 553 3867 ,nobiles
587 3788 680 3868 atque
712 3785 888 3870 ignobiles',
919 3785 990 3849 inde
1024 3785 1173 3866 sequitur,

109 3917 147 3976 ut
171 3913 202 3975 in
227 3912 327 3975 altera
350 3930 471 3994 quoqne
496 3911 670 3976 sententiae
686 3913 775 3994 parte
791 3911 969 3992 requiratur
983 3909 1174 3993 adjectivum

108 4037 245 4120 aliquod.
292 4037 399 4117 Neque
424 4036 486 4100 alia
512 4037 623 4100 duetus
647 4034 999 4116 rationeWeinholdus,
1022 4035 1058 4097 ut
1082 4033 1173 4097 resti-

109 4165 213 4226 tueret
236 4162 349 4239 locum,
378 4161 510 4244 conjecit
533 4160 663 4240 ,strenui
686 4159 899 4241 imbellesque,
929 4157 1052 4221 nobiles
1080 4159 1172 4238 atque
