2854 4706
753 213 792 276 12

240 427 345 510 paullo
384 428 545 492 obscurius
583 448 649 493 esse
688 428 863 507 enuntiata,
904 427 1007 491 nescio
1046 447 1085 491 au
1129 427 1232 509 potins
1272 428 1306 490 in

241 553 373 636 Hauptii
389 553 428 637 ¹⁰)
452 553 664 636 conjecturam
690 553 815 630 ,amissa
839 553 936 617 curia'
962 552 1188 636 confugiamus.

348 678 463 743 Eadem
488 678 640 743 Anhaltio
662 679 740 743 fides
764 678 894 743 debetur
918 678 938 743 J
959 679 1067 756 85,16,
1093 678 1166 759 quia
1190 678 1308 761 rejecta
1414 767 1415 780 χ

239 801 373 867 lectione
398 803 436 866 Vi
461 823 507 881 ‚ac
531 804 558 867 si
578 805 644 887 jam
668 824 703 868 er
726 806 827 868 matre
845 801 953 867 Albini
977 805 1032 867 aut
1057 803 1181 868 Bestiae
1198 801 1307 884 quaeri

240 927 349 1009 possit,
373 947 462 992 meno
487 947 526 992 an
549 929 622 994 illos
646 949 682 994 ex
705 949 737 993 se
760 927 849 1012 gigni
872 928 1051 1008 maluerint,
1077 928 1153 1010 quid
1176 946 1306 1009 respon-

241 1071 329 1116 suros
353 1052 496 1132 oruditis,
533 1054 594 1116 nisi
618 1073 682 1118 sese
706 1053 821 1118 liberos
846 1073 938 1136 quam
969 1056 1113 1136 optumos
1145 1052 1304 1117 maluisse'

240 1196 292 1256 ea,
328 1197 405 1259 (puae
436 1180 481 1242 Po
504 1179 721 1259 continentur,
756 1199 801 1258 ‚or
830 1179 1005 1261 patribus.
1032 1233 1038 1246 .
1065 1231 1072 1245 .
1103 1179 1238 1260 posset.
1266 1231 1272 1244 .
1299 1230 1306 1242 .

240 1302 386 1368 voluisse'
412 1304 551 1370 defendit
575 1305 606 1369 ct
631 1305 651 1370 J
665 1306 750 1385 24,3,
776 1324 836 1388 quo
853 1305 920 1371 loco
938 1324 973 1369 cr
990 1303 1148 1369 communi
1165 1303 1305 1367 omnium

239 1429 363 1511 practer
396 1415 476 1492 Vum
511 1429 663 1494 librorum
698 1449 848 1494 consensu
883 1429 975 1508 ‚ferro
1009 1448 1047 1493 an
1085 1428 1166 1492 fame
1202 1427 1307 1492 acrius

240 1573 352 1637 urgear
375 1553 512 1618 incertus
536 1556 613 1618 sum'
638 1555 764 1622 retinet.
814 1555 883 1620 Huc
908 1553 1039 1632 accedit,
1065 1553 1147 1636 quod
1171 1553 1306 1617 anctori-

244 1680 309 1742 tate
323 1679 456 1744 Jordaui
480 1679 605 1762 adjutus
629 1681 726 1744 etiam
750 1681 782 1744 in
798 1680 936 1765 ejusdem
953 1699 1017 1761 cap.
1030 1680 1080 1761 ἐξ)
1098 1698 1169 1742 cum
1192 1677 1307 1781 ceteris

242 1803 331 1868 libris
353 1804 475 1884 ,scribo'
500 1823 555 1887 pro
581 1806 619 1869 Vi
644 1805 954 1889 scriptu1·a‚sc1·ipsi'
980 1805 1043 1888 legi
1067 1804 1146 1870 vult.

348 1929 440 1994 Nunc
463 1948 498 1995 eo
522 1930 695 2009 redeamus,
719 1932 800 1996 unde
823 1930 955 2013 proiecti
976 1949 1092 1997 sumus.
1141 1929 1306 1994 librorum

242 2053 427 2136 scripturam
453 2053 476 2120 O
500 2056 575 2134 20‚7
600 2075 661 2120 nou
685 2056 798 2120 leniter
832 2075 898 2120 esse
931 2055 1147 2138 perturbatam
1170 2054 1305 2131 constat,

241 2179 445 2261 quamobrem
469 2181 501 2244 et
525 2181 682 2246 Jordanus
706 2183 738 2246 et
762 2181 970 2245 Weinholdus
1002 2180 1105 2247 locum
1129 2180 1307 2244 accuratius

241 2306 466 2371 tractaverunt.
526 2305 617 2370 liber
640 2307 703 2370 Pus
734 2307 766 2370 et
796 2307 970 2370 ceterorum
1011 2305 1122 2387 optimi
1159 2304 1307 2370 exhibent

243 2429 350 2509 ‚ceteri
373 2450 488 2507 omnes,
514 2431 635 2496 strenui
658 2431 730 2496 boni
754 2431 874 2496 nobiles
898 2433 992 2513 atque
1015 2429 1171 2514 ignobiles
1195 2431 1307 2515 volgus

240 2554 382 2634 fuimus’;
417 2557 449 2620 in
475 2557 521 2621 Vo
553 2557 670 2642 legitur
693 2557 800 2638 ,ceteri
824 2576 930 2622 omnes
964 2556 1038 2620 boni
1061 2558 1155 2640 atquo
1185 2557 1305 2621 strenui

241 2681 362 2747 nobiles
385 2685 417 2748 et
440 2682 616 2767 ignobiles'.
673 2681 775 2762 Quum
800 2701 872 2747 varo
896 2683 1029 2763 utraque
1053 2682 1208 2764 scriptura
1232 2681 1306 2764 quin

242 2806 285 2870 sit
307 2806 511 2890 improbanda
536 2807 674 2873 dubitari
697 2825 758 2872 non
781 2807 896 2890 possit,
922 2806 1096 2890 quaeritur,
1131 2807 1306 2888 quomodo

242 2949 349 2997 rerum
373 2933 554 3014 rectumque
570 2932 783 3001 restituamus.
831 2933 935 3015 Atque
952 2932 978 2996 si
1004 2932 1081 2996 haec
1105 2931 1200 2996 verba
1215 2929 1306 2995 libris

245 3059 367 3123 tradita
390 3059 472 3122 inter
496 3076 528 3123 se
553 3076 779 3139 comparamus,
805 3061 934 3142 apparet
951 3078 996 3138 ea,
1022 3076 1100 3140 quac
1116 3055 1148 3119 in
1163 3056 1211 3120 Vo
1235 3075 1308 3120 con-

242 3185 402 3264 tinentur,
438 3183 542 3248 minus
577 3186 652 3266 apta
683 3184 771 3248 nobis
802 3185 921 3264 videri,
957 3185 1030 3267 quia
1064 3202 1124 3248 non
1149 3182 1252 3247 solum
1275 3181 1307 3244 in

242 3309 442 3394 transpositis
466 3309 549 3389 ,boni
573 3312 666 3393 atque
690 3311 818 3374 strenui'
844 3311 1009 3396 adjectivis
1033 3309 1229 3388 offendimus,
1254 3307 1307 3372 sed

243 3435 340 3501 etiam
369 3436 401 3500 in
431 3455 488 3500 usu
515 3434 687 3518 particulae
721 3435 835 3516 ‚atque’
866 3436 1072 3518 copulativae.
1129 3433 1191 3500 Ubi
1224 3434 1307 3499 enim

245 3562 416 3628 Sallustius
436 3580 526 3627 voces
550 3561 739 3626 contrariam
756 3560 916 3626 notionem
932 3561 1145 3646 significantes
1168 3561 1252 3625 inter
1275 3581 1307 3625 se

243 3687 423 3772 conjungit,
456 3707 527 3754 eum
558 3687 659 3752 rarius
691 3689 743 3767 ‚et'
775 3686 948 3770 particula,
980 3687 1034 3752 sed
1064 3687 1209 3752 omnibus
1245 3687 1308 3751 lere

242 3814 320 3880 locis
344 3813 456 3895 ,atque’
484 3831 573 3878 usum
597 3813 691 3878 fuisse
716 3812 858 3895 exempla
881 3813 993 3876 docent
1016 3812 1151 3891 J31,l2
1177 3812 1309 3876 honesta

243 3941 338 4022 atque
362 3939 528 4004 inhonesta
551 3940 571 4005 J
597 3941 671 4019 80‚5
696 3939 823 4019 CJOA.
871 3938 988 4003 Eadem
1014 3939 1127 4018 ,atque'
1152 3935 1309 4021 particula

242 4084 509 4099 μψ-

351 4190 384 4271 ¹⁹)
402 4191 430 4246 in
449 4190 517 4247 Mus.
536 4189 622 4250 eron.
641 4188 721 4244 roll
739 4206 764 4260 p.
784 4189 844 4245 473,
