2854 4706
639 196 657 260 7

114 413 212 476 semel
236 409 341 496 ,uolgo
365 411 397 476 et
416 412 620 494 peruorsam’.
667 411 727 476 His
751 409 847 476 etiam
869 411 1018 496 graviora
1034 413 1182 496 autiquae

113 537 286 619 scripturae
310 535 446 621 vestigia
461 535 594 606 addidit.
641 537 750 620 Neque
765 555 838 603 vero
855 557 951 620 quum
966 537 1061 618 idem,
1086 557 1180 622 quam

113 660 301 728 inusitatum
330 662 362 726 et
396 660 572 728 obsoletum
606 663 758 746 regnante
781 661 925 747 Augusto
960 662 993 728 id
1024 661 1181 728 scribendi

113 805 212 872 genus
234 784 357 862 fuisset,
381 784 542 852 enucleate
567 786 771 864 ostendisset,
805 785 945 852 dubitari
967 788 1081 870 potest,
1105 786 1181 870 quin

114 910 227 994 duplex
250 909 396 975 mutandi
419 909 586 975 consilinm
601 911 721 977 rhetori
736 911 844 980 fuerit.
891 911 975 977 Nam
991 930 1180 994 quamquam

113 1035 181 1101 v'eri
210 1035 313 1100 simile
344 1035 408 1116 est,
439 1035 476 1100 ut
507 1035 617 1100 eadem
648 1036 806 1102 scribendi
835 1037 957 1103 ratione
988 1056 1062 1102 usus
1085 1035 1181 1102 tuerit

113 1159 296 1238 Sallustius,
321 1161 438 1240 tamen,
463 1179 559 1243 quum
582 1160 690 1244 paullo
713 1163 785 1244 post
808 1163 885 1228 haec
911 1160 1102 1227 consuetudo
1125 1178 1180 1242 pro

113 1285 192 1350 dura
222 1287 317 1368 atque
339 1285 488 1352 insolenti
519 1284 563 1350 sit
595 1285 724 1364 habita,
759 1285 834 1352 libri
857 1287 925 1371 ejus
955 1285 1181 1368 manuscripti

112 1411 243 1496 purgati
266 1429 332 1477 esse
356 1412 389 1477 et
412 1410 569 1476 emendati
593 1411 748 1478 videntur.

221 1544 343 1610 Nactus
354 1545 454 1629 igitur
465 1545 563 1610 libros
576 1544 722 1611 Sallustii
734 1564 795 1611 non
808 1543 1010 1611 mediocriter
1020 1547 1181 1628 corruptos

112 1671 195 1735 hanc
218 1669 364 1736 mutandi
387 1669 541 1736 rationem
565 1670 667 1736 editor
681 1670 764 1748 iniit,
789 1671 835 1751 ut,
861 1689 1060 1753 quaecunque
1077 1670 1108 1736 ei
1130 1671 1180 1736 in-

112 1795 209 1860 solita
231 1813 267 1861 ac
283 1794 455 1880 singularia
472 1794 664 1876 viderentur,
689 1796 779 1861 eisin
800 1795 920 1861 usitata
935 1795 1180 1880 pervulgatoque

112 1920 248 1986 mutatis
264 1920 363 1986 libros
379 1919 426 1986 ita
442 1921 634 1999 emendaret,
652 1923 688 1986 ut
704 1920 882 1986 scholarum
898 1921 968 1986 ueni
984 1922 1051 2003 apti
1066 1922 1179 1990 essent.

112 2044 247 2110 Accedit
270 2044 303 2109 id
327 2045 409 2127 quod
433 2045 473 2110 ad
496 2046 579 2111 recte
596 2044 754 2111 scribendi
770 2045 923 2110 rationem
948 2045 1074 2124 attinet,
1099 2045 1180 2128 quod

112 2171 222 2236 rhetor
244 2169 299 2235 ille
324 2169 420 2235 verba
444 2169 605 2253 scriptoris
629 2189 647 2235 a
672 2170 918 2254 corruptelarum
950 2169 1094 2235 sordibus
1113 2169 1180 2253 jam

112 2295 249 2380 purgata
271 2294 409 2378 repperit
432 2296 502 2375 aut,
538 2294 565 2359 si
588 2313 666 2378 qnae
694 2296 865 2378 depravata
889 2297 995 2376 erant,
1028 2292 1180 2360 restituit.

114 2420 231 2489 Contra
264 2419 298 2484 in
332 2419 476 2502 epistulis
511 2420 550 2486 ad
585 2419 750 2486 Caesarem
785 2420 868 2486 datis
903 2423 930 2486 si
960 2421 1043 2487 idern
1073 2419 1180 2485 rhetor

112 2545 230 2611 formas
254 2544 462 2611 Sallustianus
497 2544 661 2626 adhibuit,
685 2564 817 2629 quarum
847 2545 880 2610 iu
913 2545 1026 2612 ceteris
1055 2544 1182 2628 scriptis

112 2670 285 2755 uestigium
308 2670 431 2735 nullum
446 2670 617 2752 invenitur,
642 2671 846 2736 concedamus
864 2689 988 2738 necesse
1012 2671 1061 2736 est
1076 2669 1181 2735 studio

114 2795 302 2878 antiquioris
326 2795 476 2860 sermonis
499 2814 586 2876 eum,
620 2814 680 2878 quo
705 2795 886 2862 imitaretur
909 2794 1113 2875 Sallustium,
1145 2813 1181 2860 eo

113 2938 181 2986 esse
211 2920 400 3002 adductum,
434 2921 470 2985 ut
499 2921 629 2987 usitatis
665 2921 795 2987 insolita
826 2921 921 2986 verba
960 2920 1182 2986 collocationes

113 3045 290 3112 structuras
313 3047 526 3129 anteponeret.

223 3178 320 3260 Quid!
347 3181 428 3262 quod
452 3181 563 3246 horum
587 3182 848 3265 argumentorum
872 3182 1006 3247 alterum
1030 3179 1182 3246 refutasse

113 3304 176 3370 sibi
199 3303 324 3370 ridetur
347 3305 565 3386 Weinholdus,
596 3324 692 3389 quum
715 3307 796 3372 liber
811 3308 878 3373 Vus
902 3307 1024 3390 saepius
1047 3305 1182 3373 vetusti-

115 3448 184 3495 ores
206 3448 306 3513 neque
329 3431 395 3494 tam
419 3431 579 3517 elegantes
601 3432 764 3514 praeberet
780 3432 952 3515 scripturas
968 3450 1061 3515 quam
1085 3430 1182 3497 ceteri

112 3555 203 3636 libri,
237 3556 325 3640 cujus
356 3555 402 3622 rei
435 3557 574 3640 exempla
607 3556 699 3623 affert
727 3557 812 3623 locos
841 3558 863 3624 J
887 3557 995 3638 llll,
1029 3556 1083 3622 ubi
1115 3557 1182 3622 Vus

113 3681 199 3746 solus
222 3682 305 3746 recte
329 3699 400 3761 ,non
425 3681 514 3765 quit‘,
540 3683 636 3748 ceteri
659 3702 766 3749 omnes
791 3683 935 3766 ,neqnit';
958 3682 1102 3762 Jonas,
1127 3677 1182 3746 nbi

114 3806 180 3872 Vua
213 3805 403 3888 ,amittatis',
436 3808 531 3874 ceteri
561 3828 681 3890 omnes,
721 3809 895 3888 omittatis3
929 3809 951 3876 J
975 3808 1088 3888 85,23,
1127 3796 1182 3872 ubi

113 3931 182 3998 Vua
205 3950 315 4014 ,neque
345 3932 431 3998 mala
461 3952 560 4016 neque
584 3935 685 4013 bona’,
711 3934 807 4000 ceteri
831 3953 937 3999 omnes
969 3951 1078 4015 ,neque
1101 3933 1182 3998 bona

113 4076 214 4140 neque
237 4057 332 4123 mala’
357 4059 546 4143 scripturam
574 4059 764 4127 exhiberent.
821 4057 1047 4125 Praetermisso
1080 4057 1182 4139 primo

114 4184 185 4253 loco
217 4220 255 4234 -
289 4184 378 4272 cujus
412 4184 581 4254 lectionem
621 4204 692 4268 ,non
732 4184 809 4269 quit'
846 4183 1056 4251 Weinholdus
1094 4182 1182 4248 nullo
