2854 4706
765 163 807 236 30

680 261 894 272 ———

235 380 456 468 conjunctum
485 403 552 450 esse
580 383 626 448 ait
649 383 786 466 Marius,
822 385 858 449 ut
888 365 971 450 alter
1002 384 1041 450 ab
1072 381 1172 450 altero
1196 380 1322 468 sejungi

254 510 398 592 nequeat.
454 509 575 575 Velut
604 508 910 576 idemaliisuerbis
944 508 1061 574 dicam:
1114 507 1147 573 Si
1167 507 1238 591 jure
1268 527 1322 574 me

255 633 447 718 despiciunt,
482 652 514 698 re
545 653 619 699 vera
652 635 786 718 majores
809 653 880 700 suos
904 617 1107 716 despiciunt,
1132 632 1197 715 qui,
1221 652 1322 716 aeque
1414 695 1415 698 ,

254 758 396 824 homines
419 757 492 823 novi
524 759 619 841 atque
650 778 717 844 ego,
751 779 787 825 ex
811 759 930 825 virtute
964 757 1144 824 nobilitatis
1167 755 1323 842 originem

255 885 417 952 duxerunt.

361 1009 521 1092 Scriptura
551 1009 624 1074 libri
654 1009 694 1076 Vi
725 1009 859 1076 fortasse
894 1029 930 1075 ex
960 1027 1063 1075 errore
1095 1007 1219 1074 librarii
1253 1009 1324 1074 orta

254 1136 312 1214 est,
337 1134 424 1218 cujus
449 1135 585 1200 oculiad
608 1154 645 1200 ea
660 1136 855 1216 aberrarunt,
873 1153 951 1218 quae
968 1136 1140 1217 sequnntur
1164 1133 1324 1212 ,Invident

254 1261 366 1326 honori
397 1280 483 1341 meo,
519 1280 593 1346 ergo
623 1261 787 1326 invideant
809 1261 931 1340 labori’,
965 1280 1043 1344 quae
1076 1261 1158 1327 nibil
1190 1262 1323 1326 adrem

253 1388 408 1470 pertinere
433 1407 449 1452 e
473 1407 564 1452 sensu
587 1387 750 1470 utriusque
774 1387 932 1452 enuntiati
955 1387 1157 1452 manifestum
1182 1389 1240 1458 est.
1293 1450 1295 1453 .

360 1512 470 1594 Neque
492 1511 596 1576 minus
620 1511 797 1596 discrepant
821 1512 942 1578 codices
964 1511 997 1576 in
1022 1513 1039 1595 ᾗ
1064 1513 1105 1576 29

256 1639 426 1720 ,praeterea
449 1638 611 1704 cicatrices
635 1638 768 1704 advorso
799 1641 945 1722 corpore’,
976 1657 992 1703 e
1016 1638 1129 1721 quibus
1152 1656 1231 1702 unus
1256 1638 1323 1703 Vua

259 1764 404 1846 ,pectore'
430 1762 566 1843 exhibet,
590 1763 651 1828 nisi
675 1764 758 1846 quod
781 1763 864 1828 idem
887 1763 920 1828 in
942 1763 1024 1828 libro
1043 1763 1212 1828 Basiliensi
1234 1781 1325 1846 repe·

255 1887 345 1968 ritnr,
379 1887 589 1970 superscripto
608 1889 714 1954 tamen
746 1889 911 1970 ,corpore';
943 1887 976 1952 in
1008 1887 1139 1970 reliquis
1169 1886 1323 1970 scriptum

255 2013 357 2077 exstat
381 2012 540 2094 ,corpore',
566 2011 616 2078 cui
640 2012 815 2095 scripturae
839 2013 871 2076 in
895 2013 1017 2078 libroP
1042 2012 1186 2096 ,pectore'
1213 2032 1322 2096 super·

255 2138 407 2220 scriptum
437 2139 494 2206 est.
549 2138 749 2204 anctoritate
773 2137 813 2202 Vi
837 2157 947 2220 parum
976 2139 1109 2204 conlisus
1141 2139 1175 2202 in
1198 2139 1322 2203 textum

254 2264 373 2346 recepit
402 2263 575 2342 Jordanns,
607 2264 856 2330 studiosissimus
886 2264 941 2329 ille
973 2264 1013 2329 Pi
1044 2267 1190 2344 sectator,
1225 2265 1324 2348 scrip·

254 2397 359 2456 turam
384 2393 531 2474 ,corpore'
561 2391 726 2474 probatam
758 2389 836 2455 locis
860 2389 943 2458 Plin.
967 2410 997 2456 n.
1023 2391 1054 2458 h.
1082 2392 1174 2468 7,lOl
1198 2394 1236 2458 ‘et
1259 2391 1322 2458 Cio.

255 2516 343 2580 Verr.
369 2517 396 2581 V
423 2515 826 2596 1,3,cicat1·ieesadvorao
851 2533 977 2596 corpore
1001 2515 1164 2597 enoeptas’.
1211 2515 1322 2581 Nihilo

254 2641 358 2707 minus
382 2641 563 2706 Dietschius
598 2642 742 2724 ,pectore'
773 2640 838 2726 legi
872 2639 1006 2720 maluit,
1042 2659 1139 2723 quum
1174 2638 1323 2719 ,volnera

255 2785 334 2850 quae
368 2767 492 2849 pectore
516 2767 647 2832 advorso
672 2767 798 2848 excepta
825 2767 944 2842 essent,
979 2765 1080 2832 multo
1115 2763 1324 2832 laudabiliora

253 2893 288 2958 ,et
311 2891 498 2977 gloriosiora
528 2891 632 2958 essent
662 2910 756 2974 qnam
788 2909 867 2974 quae
890 2890 1024 2956 advorso
1048 2891 1198 2974 corpore',
1230 2890 1323 2974 atque

255 3016 322 3100 ejus
344 3015 498 3100 judicium
520 3032 646 3100 prorsus
669 3016 829 3099 amplexus
858 3016 997 3082 defendit
1021 3015 1230 3083 Weinboldns
1253 3015 1322 3081 loco

256 3142 354 3208 allato
371 3141 477 3222 Quint.
498 3142 529 3205 ll
550 3142 620 3221 15,7
645 3141 828 3223 ,cicatrices
854 3161 931 3225 quas
954 3141 981 3206 is
1004 3161 1060 3225 pro
1076 3142 1182 3224 patria
1197 3142 1323 3224 pectore

255 3267 386 3334 adverso
411 3268 617 3350 suscepisset.
664 3269 741 3332 Eam
765 3270 870 3333 autem
895 3266 1145 3350 explicationem,
1179 3266 1323 3348 quamvis

256 3393 413 3477 sagaciter
442 3391 484 3456 sit
516 3393 711 3478 excogitata,
747 3393 799 3458 vix
823 3394 906 3457 stare
930 3411 1018 3474 posse
1048 3391 1233 3476 intelleget,
1270 3390 1323 3473 qni

255 3517 432 3583 accuratius
448 3517 688 3600 perlustraverit
713 3517 770 3582 illa
781 3511 939 3583 Ciceronis
963 3517 1058 3582 verba
1083 3515 1321 3598 ,constituitque

256 3643 290 3708 in
313 3642 480 3725 conspectu
504 3643 642 3708 omnium
665 3643 866 3726 tunicamque
897 3642 964 3726 ejus
988 3661 1006 3706 a
1028 3643 1154 3724 pectore
1176 3641 1322 3720 abscidit,

257 3770 294 3834 nt
316 3768 479 3834 cicatrices
509 3767 642 3850 populus
672 3769 830 3834 Romanus
860 3768 1045 3853 judicesque
1069 3765 1245 3849 aspicerent
1268 3767 1323 3832 ad-

258 3913 347 3960 uerso
381 3911 508 3976 corpore
541 3894 700 3976 exceptam
730 3892 826 3958 simul
855 3895 887 3959 et
919 3893 957 3958 de
989 3892 1047 3958 illo
1071 3892 1210 3972 vulnere,
1243 3890 1324 3974 quod

256 4019 312 4084 ille
336 4018 369 4082 in
394 4018 497 4100 capite
531 4017 570 4083 ab
606 4018 745 4083 hostium
782 4018 858 4083 duco
889 4018 1060 4100 acceperat,
1095 4017 1198 4082 multa
1223 4015 1322 4086 dinit'.

257 4144 347 4210 Adde
386 4163 447 4208 non
483 4142 584 4208 solum
620 4163 697 4226 quae
733 4142 856 4226 saepius
888 4145 969 4227 apud
1002 4143 1182 4210 Ciceronem
1217 4141 1324 4208 eodem
