2854 4706
772 198 791 260 6

674 289 888 298 u————-—-—-

246 413 283 477 do
307 407 471 491 Historiis,
505 409 673 493 epistulas,
707 411 845 476 extrema
877 409 965 493 parte
996 408 1073 473 duas
1096 409 1248 492 epistulas
1272 409 1314 473 ad

247 535 410 602 Gaesarem
434 555 539 601 senem
562 535 600 599 de
627 535 810 618 republica
834 533 990 612 exhibeat,
1024 533 1100 615 quin
1124 553 1159 598 ex
1184 533 1316 615 antiqua

248 659 441 741 collectione,
467 660 575 743 quales
599 679 654 725 sua
673 660 741 744 jam
765 660 869 725 aetate
893 658 1050 725 oonieotas
1083 677 1149 724 esse
1179 659 1318 723 testatur

248 786 376 865 Fronto,
400 785 594 868 conscriptus
618 785 669 865 sit,
694 785 825 850 dubium
854 801 916 848 non
951 781 1085 850 videtur.
1143 783 1242 864 Quam
1276 784 1318 849 ob

248 928 331 988 rem,
363 909 390 974 si
414 909 585 993 quaeritur,
622 928 700 992 quae
737 907 820 974 ratio
852 907 1029 972 intercedat
1063 907 1145 972 inter
1168 909 1250 972 Vum
1284 911 1319 974 et

250 1035 369 1100 ceteros
392 1035 501 1114 libros,
526 1036 656 1118 apparet
680 1053 750 1099 eum
775 1035 878 1098 certae
903 1032 997 1098 classi
1027 1050 1087 1097 non
1111 1051 1176 1098 esse
1200 1033 1320 1098 adseri-

251 1159 398 1239 bendum,
434 1159 488 1224 sed
524 1157 677 1243 originem
711 1157 834 1222 duxisse
862 1176 878 1222 e
914 1157 995 1222 libro
1030 1156 1245 1223 vetustissimo
1281 1175 1321 1222 ao

252 1283 329 1348 satis
353 1283 444 1364 bono,
477 1283 531 1366 qui
559 1283 670 1347 multis
700 1281 733 1346 in
762 1282 855 1346 rebus
889 1301 958 1346 eum
983 1301 1028 1358 eo,
1061 1302 1096 1346 ex
1120 1300 1179 1364 quo
1203 1283 1229 1346 P
1253 1282 1321 1346 500

251 1407 368 1490 aliique
399 1408 535 1473 derivati
561 1409 643 1486 sunt,
668 1406 833 1474 consentit.
881 1407 926 1471 Er
950 1407 1058 1472 eodem
1079 1406 1165 1472 fonte
1188 1406 1323 1471 fortasse

255 1532 387 1598 haustos
411 1533 459 1598 est
483 1531 650 1598 Beruensis
673 1531 767 1611 liber,
801 1551 892 1614 quem
922 1531 955 1596 in
988 1531 1032 1596 eis
1055 1532 1212 1614 partibus,
1242 1550 1323 1614 quas

253 1676 434 1722 communes
458 1676 528 1722 oum
552 1657 633 1721 libro
658 1658 705 1722 Vo
728 1657 897 1722 memoriae
927 1655 1081 1736 tradidit,
1118 1657 1197 1722 miro
1226 1657 1323 1722 modo
1413 1709 1414 1726 i

255 1801 327 1846 oum
368 1781 424 1847 illo
456 1783 630 1848 consentire
661 1781 900 1848 affirmaverunt
938 1781 999 1846 viri
1031 1781 1180 1861 dooti.¹⁰)
1235 1782 1325 1846 lllud

253 1907 378 1990 quidem
402 1925 592 1990 quamquam
616 1907 824 1972 Weinholdus
851 1907 994 1972 oorroedit
1024 1907 1141 1972 librum
1165 1908 1248 1974 Vum
1280 1927 1322 1972 ex
1413 1903 1414 1910 '

253 2040 369 2106 dilectu
399 2041 533 2124 quodam
564 2041 741 2106 orationum
777 2042 810 2106 et
848 2039 1054 2124 epistularum
1084 2061 1099 2106 e
1124 2039 1198 2106 Sall.
1229 2041 1324 2108 libris
1413 2117 1414 2120 Ἴ

254 2164 481 2248 descriptarum
511 2167 614 2230 ortum
646 2185 727 2245 esse,
758 2166 846 2249 eujus
880 2164 1014 2230 dilectus
1047 2166 1156 2230 auotor
1187 2165 1324 2232 fortasse

253 2288 318 2372 ipse
349 2291 500 2372 epistulas
527 2310 667 2357 sermone
697 2291 892 2357 Sallustiana
926 2291 1116 2372 compositas
1148 2291 1322 2373 scripserit,

254 2417 358 2480 tamen
383 2415 449 2500 ejus
474 2417 510 2482 de
534 2415 595 2481 fide
619 2417 712 2500 hujus
736 2417 811 2482 libri
831 2416 988 2500 judioium
1012 2415 1148 2480 multum
1165 2415 1263 2481 distat
1279 2418 1323 2482 ab

254 2539 308 2616 eis,
342 2559 420 2624 quae
445 2541 657 2626 Jordanus¹¹)
680 2542 824 2625 protulit.
873 2542 904 2606 Is
928 2541 1021 2620 enim,
1046 2560 1106 2624 qua
1130 2542 1178 2606 est
1201 2541 1325 2627 ingenii

254 2666 438 2750 sagacitate,
475 2667 632 2746 offendens
666 2668 699 2732 in
735 2669 859 2733 diversa
898 2670 1071 2733 ceterarum
1115 2669 1252 2751 partium
1287 2671 1324 2735 et

254 2790 461 2872 epistularum
485 2792 524 2856 ad
542 2791 705 2858 Caesarem
729 2792 953 2875 compositione
978 2793 1229 2859 luculentissime
1253 2793 1323 2860 edi·
1413 2805 1414 2844 f

254 2917 355 2981 torem
378 2916 470 2982 illum
497 2917 587 2982 docet
610 2918 643 2982 iu
667 2918 722 2997 eis,
748 2937 825 3000 quae
849 2939 886 2984 ex
902 2917 977 2984 Sall.
1004 2919 1130 3002 seriptis
1153 2919 1323 3002 hausisset,
1413 2941 1414 2998 3

254 3039 399 3124 antiquas
422 3041 538 3107 formas
562 3041 726 3122 delevisse,
758 3043 791 3106 in
814 3042 959 3126 epistulis
983 3043 1022 3108 ad
1047 3043 1212 3109 Gaesarem
1237 3044 1324 3110 datis
1413 3061 1414 3136 ζ

254 3164 394 3250 integras
410 3165 582 3249 reliquisse.
638 3168 686 3246 ,ln
702 3167 779 3244 illis,
804 3167 917 3250 inquit,
942 3187 997 3250 pro
1015 3168 1188 3234 vetustiore
1212 3169 1323 3234 littera
1413 3231 1414 3234 ,

254 3309 420 3373 usemper
452 3291 570 3377 legitur
592 3292 604 3356 i
627 3293 660 3358 et
691 3293 895 3375 praecedente
928 3293 1036 3358 littera
1061 3313 1080 3358 v
1104 3312 1226 3376 semper
1257 3293 1323 3360 fere
1413 3301 1414 3388 ᾗ

256 3434 310 3498 pro
334 3433 351 3480 o
374 3416 477 3498 posita
506 3417 553 3480 est
582 3437 613 3484 u.
668 3418 705 3481 ln
737 3416 881 3500 epistulis
912 3436 984 3482 vero
1015 3417 1151 3482 rhetoris
1174 3417 1325 3502 leguntur
1413 3397 1414 3450 ³

255 3541 285 3605 in
316 3539 426 3605 formis
461 3526 661 3624 superlativis
697 3561 775 3626 quae
809 3543 962 3606 vocantur
994 3561 1014 3606 u
1044 3560 1099 3624 pro
1129 3541 1138 3604 i
1164 3542 1321 3624 undecies,

256 3664 375 3741 ,lubido
399 3665 433 3730 et
455 3665 553 3731 lubet'
572 3665 678 3743 sexies,
703 3666 804 3731 forma
819 3665 964 3752 gerundii
980 3666 1013 3730 in
1037 3687 1056 3730 u
1080 3684 1136 3748 pro
1160 3685 1176 3731 o
1200 3669 1322 3750 quater,

362 3939 394 4011 ¹⁰)
413 3941 526 3996 Rothius
554 3942 583 3996 in
608 3942 675 4000 Mus.
699 3941 784 3997 Rhen.
818 3941 869 3995 vol.
893 3941 933 3995 IX
960 3959 987 4011 p.
1009 3944 1077 4008 129;
1104 3940 1273 3996 Woelfflinus
1292 3942 1322 3996 in

255 4049 352 4105 Philol.
372 4049 423 4108 vol.
442 4048 521 4103 XVII
538 4066 563 4119 p.
587 4051 652 4117 154,
674 4049 830 4104 Dietsohius
848 4048 877 4103 in
895 4048 979 4119 praei.
999 4048 1040 4104 ed.
1060 4066 1084 4104 a.
1106 4050 1174 4106 1859
1194 4049 1253 4122 lp.
1273 4049 1322 4108 XI.

364 4173 396 4244 ¹¹)
415 4173 443 4228 in
463 4173 554 4229 Herm.
572 4174 623 4230 vol
644 4173 657 4227 l
675 4191 702 4244 p,
723 4173 775 4230 232
795 4190 866 4245 sequ.
