2854 4706
633 213 652 278 5

535 305 749 314 ———-—-

108 429 262 493 momenti
301 427 413 492 habuit
450 445 549 509 neque
585 427 722 493 Parisini
753 427 836 492 157o
872 447 942 492 oum
966 429 1024 494 hoo
1047 448 1174 512 compa-

107 552 198 617 randi
225 552 416 617 mentionem
441 551 533 632 feeit,
573 572 635 635 qua
667 553 834 618 collatione
865 553 991 617 auotore
1020 553 1173 634 Wirzio⁴l

107 679 140 742 et
174 674 402 761 Nipperdejo⁵)
439 677 620 760 plerumque
663 697 754 744 verae
792 679 886 759 atque
924 679 1029 743 rectae
1073 679 1171 761 sorip-

106 804 198 867 turae
220 800 433 868 inveniuntur.
505 861 507 866 ,

214 926 245 990 N
248 925 396 991 ovissimo
412 930 518 993 autem
537 927 941 1012 temporeWeinnoldusu,
958 931 994 993 ut
1011 925 1135 994 Linlreri
1147 925 1173 1012 ⁷)

107 1049 301 1131 Dietsohii⁸)
326 1051 539 1138 Woelfflini⁹)
563 1053 736 1119 sententias
762 1055 1025 1136 praetermittam,
1060 1053 1172 1117 disser-

106 1173 227 1240 tatione
250 1175 352 1239 multa
376 1194 446 1240 oum
470 1177 639 1262 diligentia
661 1178 799 1260 perfecta
832 1197 987 1244 summam
1011 1178 1043 1242 in
1066 1197 1173 1243 recen-

107 1303 212 1368 sendis
230 1303 305 1370 Sall.
331 1304 458 1387 seriptis
481 1302 704 1368 auctoritatem
720 1303 810 1368 -libro
827 1304 981 1368 Vaticano
1004 1304 1090 1367 3864
1107 1321 1173 1367 esse

107 1427 343 1493 attribuendam
374 1429 505 1494 censuit.
561 1427 620 1508 Qui
654 1447 729 1492 num
759 1430 843 1493 recte
876 1428 909 1491 in
939 1447 1045 1492 omnes
1068 1428 1173 1509 partes

103 1553 312 1636 judicaverit,
346 1573 442 1637 quum
465 1573 612 1637 quaerere
635 1555 715 1620 mihi
738 1554 936 1637 propositum
966 1554 1025 1632 sit,
1058 1553 1091 1617 in
1115 1553 1172 1617 han

109 1679 291 1760 quaestione
316 1679 482 1745 tractanda
505 1699 653 1764 magnam
676 1681 708 1744 in
734 1699 769 1745 eo
792 1680 882 1762 posui
911 1698 1017 1744 auram
1040 1697 1076 1744 ao
1099 1677 1173 1742 dili-

106 1804 258 1888 gentiam,
283 1805 319 1869 ut
342 1823 540 1888 quaeeunque
564 1823 582 1870 a
606 1805 683 1869 vinis
707 1805 808 1870 dootis
832 1807 863 1870 et
886 1805 924 1870 de
945 1805 1090 1870 universa
1114 1805 1172 1868 hao

108 1948 142 1994 re
172 1930 204 1994 et
234 1930 273 1994 de
301 1949 485 2013 unoquoque
514 1931 689 2007 locorum,¹
708 1931 746 1996 de
774 1929 886 2013 quibus
917 1929 1058 1994 dicturus
1091 1948 1171 2008 snm,
1210 1997 1212 2002 ,

109 2054 269 2137 disputata
292 2056 382 2135 sunt,
415 2074 452 2120 ea
475 2055 674 2140 colligerem3
706 2055 817 2120 deinde
852 2054 884 2118 id
908 2056 973 2138 egi,
1007 2056 1172 2118 uteorum

107 2179 262 2260 locorum,
293 2198 370 2262 qnos
394 2182 556 2263 corruptos
588 2199 655 2246 esse
678 2179 735 2246 alii
759 2181 971 2264 cognoverunt
993 2198 1048 2244 neo
1078 2179 1173 2244 oertis

108 2303 302 2389 argumentis
326 2307 533 2385 correxerunt,
558 2324 640 2371 nova
662 2305 832 2388 proferrem
855 2307 1050 2389 argumenta.
1091 2302 1172 2367 Aliis

107 2449 181 2496 vero
205 2429 293 2510 loeis,
318 2449 448 2513 quorum
473 2431 510 2496 de
534 2430 721 2514 integritate
746 2449 836 2494 nemo
860 2431 961 2496 adhue
985 2431 1045 2494 nisi
1063 2429 1172 2494 Wein-

107 2554 219 2620 holdus
249 2556 377 2621 auctore
409 2555 490 2621 libro
515 2557 561 2622 Vo
596 2555 774 2634 dubitavit,
805 2555 872 2639 ejus
903 2555 1092 2620 sententiam
1115 2559 1171 2619 ant

108 2681 230 2746 ratione
254 2680 357 2765 logica
381 2681 413 2746 et
437 2682 663 2746 sententiarum
688 2700 803 2746 conexu
827 2681 982 2746 adductus
1004 2681 1068 2760 aut,
1099 2679 1173 2762 quia

107 2824 126 2870 a
149 2805 293 2870 Sallustii
316 2825 429 2890 genere
453 2806 576 2872 dioendi
600 2807 703 2872 aliena
727 2805 806 2870 mihi
831 2807 898 2871 visa
921 2807 980 2885 est,
1004 2823 1171 2890 coarguere

106 2931 236 2995 conatus
260 2949 338 2997 sum.

213 3054 318 3138 Atque
343 3075 439 3138 quum
464 3056 528 3120 Vns
557 3056 594 3122 de
618 3075 678 3138 quo
702 3057 807 3140 agitur
837 3056 918 3121 liber
947 3059 1071 3138 praeter
1095 3056 1172 3122 Gae-

109 3179 189 3245 saris
205 3179 324 3244 bellum
341 3179 510 3258 Gallicum,
535 3178 631 3244 Plinii
658 3179 819 3262 epistulas,
844 3179 970 3246 Aethioi
985 3180 1172 3263 scriptorum

105 3308 211 3391 partes
253 3325 378 3390 paucas,
417 3304 451 3372 0.
480 3303 626 3370 Sallustii
669 3304 772 3387 Crispi
822 3304 979 3370 orationes
1011 3306 1172 3388 excerptas

213 3554 234 3624 ⁴)
253 3556 294 3610 Do
312 3554 364 3608 fide
383 3557 465 3624 atque
484 3553 647 3608 anctoritate
671 3551 770 3607 codicis
790 3553 923 3620 Sallustii,
949 3553 994 3622 qui
1012 3553 1124 3608 Parisiis
1143 3553 1171 3606 in

105 3662 271 3719 bibliotheca
289 3660 423 3732 imperiali
442 3677 469 3716 n.
492 3661 559 3714 1576
578 3661 738 3715 asservatur.
776 3659 889 3714 Aroviae
911 3660 987 3718 1867.

212 3769 233 3838 ⁵)
252 3769 336 3822 Index
354 3768 415 3823 loct.
434 3766 494 3822 Jen.
513 3782 538 3821 a.
560 3767 635 3823 1872.

212 3876 233 3943 ⁶)
252 3876 360 3942 Quaest.
371 3874 436 3929 Sall.
449 3875 478 3927 in
498 3874 565 3927 actis
575 3873 712 3928 societatis
721 3873 814 3942 plrilol.
834 3874 909 3943 Lips.
921 3873 934 3926 l
948 3875 973 3928 2.
986 3891 1013 3943 p.
1023 3873 1096 3926 185-
1109 3875 1170 3927 211.

216 3985 235 4054 ⁷)
255 3983 366 4038 Emend.
386 3982 450 4039 Sall.
471 3999 503 4036 ex
522 3982 590 4036 actis
609 3981 683 4036 acad.
703 3982 846 4037 vindobon
865 3999 887 4037 a.
904 3982 973 4036 1855
992 3997 1109 4035 seorsum
1129 3971 1170 4038 ed.

213 4091 234 4160 ⁸)
252 4092 281 4146 in
299 4090 381 4161 prael.
401 4089 442 4145 erl.
462 4090 523 4160 maj.
543 4107 567 4145 a.
590 4089 665 4144 1859.

213 4198 235 4270 ⁹)
253 4199 282 4253 in
300 4197 396 4255 Philol.
416 4196 469 4258 vol,
486 4195 565 4253 XVII
585 4213 608 4266 p.
629 4197 778 4252 519-548.
